#RIC,Date-Time,Type,Price,Volume,Bid Price,Bid Size,Ask Price,Ask Size,direction
GSK.L,2011-02-01T07:50:00.089774000Z,Quote,,,1127,135,1172,2000,0
GSK.L,2011-02-01T07:50:02.746387000Z,Quote,,,1127,135,1095,5726,0
GSK.L,2011-02-01T07:50:02.746387000Z,Auction,1125,5726,1127,,1095,,0
GSK.L,2011-02-01T07:50:02.746387000Z,Quote,,,1127,135,1095,8252,0
GSK.L,2011-02-01T07:50:02.746387000Z,Auction,1115,8252,1127,,1095,,0
GSK.L,2011-02-01T07:50:02.746387000Z,Quote,,,1127,135,1095,41681,0
GSK.L,2011-02-01T07:50:02.746387000Z,Auction,1100,41681,1127,,1095,,0
GSK.L,2011-02-01T07:50:02.793257000Z,Quote,,,1127,685,1095,41681,0
GSK.L,2011-02-01T07:50:02.793257000Z,Auction,1110,41681,1127,,1095,,0
GSK.L,2011-02-01T07:50:02.900612000Z,Quote,,,1127,685,1095,42681,0
GSK.L,2011-02-01T07:50:02.900612000Z,Auction,1100,42681,1127,,1095,,0
GSK.L,2011-02-01T07:50:05.556343000Z,Quote,,,1127,685,1095,42901,0
GSK.L,2011-02-01T07:50:05.556343000Z,Auction,1100,42901,1127,,1095,,0
GSK.L,2011-02-01T07:50:05.607756000Z,Quote,,,1127,5727,1095,42901,0
GSK.L,2011-02-01T07:50:05.607756000Z,Auction,1110,42901,1127,,1095,,0
GSK.L,2011-02-01T07:50:09.606809000Z,Quote,,,1128,5642,1095,42901,0
GSK.L,2011-02-01T07:50:11.935323000Z,Quote,,,1128,9464,1095,42901,0
GSK.L,2011-02-01T07:50:12.213336000Z,Quote,,,1128,9464,1095,43243,0
GSK.L,2011-02-01T07:50:12.213336000Z,Auction,1110,43243,1128,,1095,,0
GSK.L,2011-02-01T07:50:19.431223000Z,Quote,,,1128,9464,1095,43775,0
GSK.L,2011-02-01T07:50:19.431223000Z,Auction,1110,43775,1128,,1095,,0
GSK.L,2011-02-01T07:50:20.711820000Z,Quote,,,1196,12114,1095,43775,0
GSK.L,2011-02-01T07:50:21.264512000Z,Quote,,,1196,16978,1095,43775,0
GSK.L,2011-02-01T07:50:21.264512000Z,Quote,,,1196,16978,1061,41038,0
GSK.L,2011-02-01T07:50:21.264512000Z,Auction,1110,46764,1196,,1061,,0
GSK.L,2011-02-01T07:50:27.650562000Z,Quote,,,1196,16978,1061,48079,0
GSK.L,2011-02-01T07:50:27.650562000Z,Auction,1110,53805,1196,,1061,,0
GSK.L,2011-02-01T07:50:27.668653000Z,Quote,,,1196,18869,1061,48079,0
GSK.L,2011-02-01T07:50:40.633868000Z,Quote,,,1196,18869,1061,48764,0
GSK.L,2011-02-01T07:50:40.633868000Z,Auction,1110,54490,1196,,1061,,0
GSK.L,2011-02-01T07:51:00.730864000Z,Quote,,,1196,18869,1061,48813,0
GSK.L,2011-02-01T07:51:00.730864000Z,Auction,1110,54539,1196,,1061,,0
GSK.L,2011-02-01T07:51:00.730864000Z,Quote,,,1196,19119,1061,48813,0
GSK.L,2011-02-01T07:51:36.717474000Z,Auction,1110,57175,1196,,1061,,0
GSK.L,2011-02-01T07:51:41.316095000Z,Quote,,,1196,20718,1061,48813,0
GSK.L,2011-02-01T07:52:00.105606000Z,Quote,,,1196,25118,1061,48813,0
GSK.L,2011-02-01T07:52:02.228194000Z,Auction,1115,57175,1196,,1061,,0
GSK.L,2011-02-01T07:52:26.514780000Z,Quote,,,1196,25498,1061,48813,0
GSK.L,2011-02-01T07:52:37.652982000Z,Auction,1110,67251,1196,,1061,,0
GSK.L,2011-02-01T07:52:45.900578000Z,Auction,1115,57175,1196,,1061,,0
GSK.L,2011-02-01T07:53:01.273412000Z,Quote,,,1196,23899,1061,48813,0
GSK.L,2011-02-01T07:53:20.505624000Z,Auction,1110,67251,1196,,1061,,0
GSK.L,2011-02-01T07:53:21.294162000Z,Quote,,,1196,25886,1061,48813,0
GSK.L,2011-02-01T07:53:57.337436000Z,Auction,1110,77327,1196,,1061,,0
GSK.L,2011-02-01T07:54:00.090606000Z,Quote,,,1196,25886,1061,58889,0
GSK.L,2011-02-01T07:54:00.090606000Z,Auction,1110,87403,1196,,1061,,0
GSK.L,2011-02-01T07:54:01.304290000Z,Quote,,,1196,28001,1061,58889,0
GSK.L,2011-02-01T07:54:05.183085000Z,Quote,,,1196,28001,1061,61393,0
GSK.L,2011-02-01T07:54:05.183085000Z,Auction,1110,89907,1196,,1061,,0
GSK.L,2011-02-01T07:55:00.584917000Z,Quote,,,1196,31228,1061,61393,0
GSK.L,2011-02-01T07:55:05.172041000Z,Quote,,,1196,31889,1061,61393,0
GSK.L,2011-02-01T07:55:21.335414000Z,Quote,,,1196,31889,1061,70383,0
GSK.L,2011-02-01T07:55:21.335414000Z,Auction,1110,98897,1196,,1061,,0
GSK.L,2011-02-01T07:55:41.337614000Z,Quote,,,1196,33161,1061,70383,0
GSK.L,2011-02-01T07:55:54.104808000Z,Quote,,,1196,33161,1061,75421,0
GSK.L,2011-02-01T07:55:54.104808000Z,Auction,1110,103935,1196,,1061,,0
GSK.L,2011-02-01T07:56:30.821349000Z,Auction,1110,107965,1196,,1061,,0
GSK.L,2011-02-01T07:56:30.885943000Z,Quote,,,1196,33161,1061,66431,0
GSK.L,2011-02-01T07:56:30.885943000Z,Auction,1113.5,99324,1196,,1061,,0
GSK.L,2011-02-01T07:56:30.885943000Z,Quote,,,1196,33161,1061,76328,0
GSK.L,2011-02-01T07:56:30.885943000Z,Auction,1110,108872,1196,,1061,,0
GSK.L,2011-02-01T07:56:43.893868000Z,Quote,,,1196,33161,1061,86404,0
GSK.L,2011-02-01T07:56:43.893868000Z,Auction,1110,118948,1196,,1061,,0
GSK.L,2011-02-01T07:56:43.926264000Z,Quote,,,1196,33161,1061,76507,0
GSK.L,2011-02-01T07:56:43.926264000Z,Auction,1110,109051,1196,,1061,,0
GSK.L,2011-02-01T07:56:43.947728000Z,Quote,,,1196,33161,1061,87412,0
GSK.L,2011-02-01T07:56:43.947728000Z,Auction,1110,119956,1196,,1061,,0
GSK.L,2011-02-01T07:56:54.053397000Z,Quote,,,1196,48161,1061,87412,0
GSK.L,2011-02-01T07:57:08.019457000Z,Auction,1110,123986,1196,,1061,,0
GSK.L,2011-02-01T07:57:14.356529000Z,Auction,1115,124335,1196,,1061,,0
GSK.L,2011-02-01T07:57:24.115238000Z,Auction,1120,124335,1196,,1061,,0
GSK.L,2011-02-01T07:57:30.212355000Z,Quote,,,1196,48180,1061,87412,0
GSK.L,2011-02-01T07:57:41.123413000Z,Auction,1120,114259,1196,,1061,,0
GSK.L,2011-02-01T07:57:43.850227000Z,Auction,1120,104183,1196,,1061,,0
GSK.L,2011-02-01T07:57:43.882164000Z,Quote,,,1196,48180,1061,76507,0
GSK.L,2011-02-01T07:57:43.882164000Z,Auction,1120.5,93278,1196,,1061,,0
GSK.L,2011-02-01T07:57:43.914334000Z,Quote,,,1196,48180,1061,85834,0
GSK.L,2011-02-01T07:57:43.914334000Z,Auction,1120,102605,1196,,1061,,0
GSK.L,2011-02-01T07:58:00.782331000Z,Auction,1120.5,102605,1196,,1061,,0
GSK.L,2011-02-01T07:58:05.017690000Z,Auction,1122.5,102605,1196,,1061,,0
GSK.L,2011-02-01T07:58:05.357176000Z,Quote,,,1196,49828,1061,85834,0
GSK.L,2011-02-01T07:58:15.185373000Z,Quote,,,1196,49828,1061,86007,0
GSK.L,2011-02-01T07:58:15.185373000Z,Auction,1122.5,102778,1196,,1061,,0
GSK.L,2011-02-01T07:58:25.444377000Z,Auction,1125,102778,1196,,1061,,0
GSK.L,2011-02-01T07:59:28.516016000Z,Quote,,,1196,49828,1061,75931,0
GSK.L,2011-02-01T07:59:28.516016000Z,Auction,1125,92702,1196,,1061,,0
GSK.L,2011-02-01T07:59:28.550451000Z,Quote,,,1196,49828,1061,66604,0
GSK.L,2011-02-01T07:59:28.550451000Z,Auction,1126,83375,1196,,1061,,0
GSK.L,2011-02-01T07:59:28.579529000Z,Quote,,,1196,49828,1061,74941,0
GSK.L,2011-02-01T07:59:28.579529000Z,Auction,1125,91712,1196,,1061,,0
GSK.L,2011-02-01T07:59:31.014909000Z,Auction,1125,93341,1196,,1061,,0
GSK.L,2011-02-01T07:59:31.583284000Z,Quote,,,1196,49828,1061,75141,0
GSK.L,2011-02-01T07:59:31.583284000Z,Auction,1125,93541,1196,,1061,,0
GSK.L,2011-02-01T07:59:34.086257000Z,Auction,1125.5,93541,1196,,1061,,0
GSK.L,2011-02-01T07:59:41.304703000Z,Quote,,,1196,48556,1061,75141,0
GSK.L,2011-02-01T07:59:41.648742000Z,Auction,1125.5,91912,1196,,1061,,0
GSK.L,2011-02-01T07:59:45.299956000Z,Auction,1126,91912,1196,,1061,,0
GSK.L,2011-02-01T07:59:45.569392000Z,Auction,1125.5,91912,1196,,1061,,0
GSK.L,2011-02-01T07:59:50.220975000Z,Auction,1126,91912,1196,,1061,,0
GSK.L,2011-02-01T07:59:50.296278000Z,Auction,1126,94477,1196,,1061,,0
GSK.L,2011-02-01T07:59:50.308991000Z,Auction,1126,96587,1196,,1061,,0
GSK.L,2011-02-01T07:59:50.876016000Z,Auction,1125.5,96587,1196,,1061,,0
GSK.L,2011-02-01T07:59:53.884096000Z,Auction,1126,96587,1196,,1061,,0
GSK.L,2011-02-01T07:59:53.938105000Z,Auction,1126.5,97918,1196,,1061,,0
GSK.L,2011-02-01T07:59:55.237362000Z,Auction,1127.5,98244,1196,,1061,,0
GSK.L,2011-02-01T07:59:57.801797000Z,Quote,,,1196,49828,1061,75141,0
GSK.L,2011-02-01T07:59:59.174258000Z,Auction,1128,98244,1196,,1061,,0
GSK.L,2011-02-01T08:00:00.235137000Z,Auction,1128.5,98244,1196,,1061,,0
GSK.L,2011-02-01T08:00:00.253174000Z,Auction,1128,98244,1196,,1061,,0
GSK.L,2011-02-01T08:00:00.359596000Z,Auction,1128.5,98244,1196,,1061,,0
GSK.L,2011-02-01T08:00:00.365400000Z,Auction,1128,98244,1196,,1061,,0
GSK.L,2011-02-01T08:00:00.365400000Z,Auction,1128.5,98244,1196,,1061,,0
GSK.L,2011-02-01T08:00:00.529029000Z,Quote,,,1196,50085,1061,75141,0
GSK.L,2011-02-01T08:00:00.529029000Z,Auction,1129,98420,1196,,1061,,0
GSK.L,2011-02-01T08:00:00.546131000Z,Auction,1128,98244,1196,,1061,,0
GSK.L,2011-02-01T08:00:00.546131000Z,Auction,1128.5,98244,1196,,1061,,0
GSK.L,2011-02-01T08:00:00.593639000Z,Auction,1128,98244,1196,,1061,,0
GSK.L,2011-02-01T08:00:00.880775000Z,Auction,1128.5,98244,1196,,1061,,0
GSK.L,2011-02-01T08:00:00.916920000Z,Auction,1128,98244,1196,,1061,,0
GSK.L,2011-02-01T08:00:00.916920000Z,Auction,1128.5,98244,1196,,1061,,0
GSK.L,2011-02-01T08:00:01.227223000Z,Auction,1128,98244,1196,,1061,,0
GSK.L,2011-02-01T08:00:01.240989000Z,Auction,1128.5,98244,1196,,1061,,0
GSK.L,2011-02-01T08:00:01.240989000Z,Auction,1128,98244,1196,,1061,,0
GSK.L,2011-02-01T08:00:01.240989000Z,Auction,1128.5,98244,1196,,1061,,0
GSK.L,2011-02-01T08:00:01.243477000Z,Auction,1128,98244,1196,,1061,,0
GSK.L,2011-02-01T08:00:01.279031000Z,Auction,1128.5,98244,1196,,1061,,0
GSK.L,2011-02-01T08:00:01.350013000Z,Auction,1128,98244,1196,,1061,,0
GSK.L,2011-02-01T08:00:01.426676000Z,Auction,1128.5,98244,1196,,1061,,0
GSK.L,2011-02-01T08:00:01.426676000Z,Auction,1128,98244,1196,,1061,,0
GSK.L,2011-02-01T08:00:01.426676000Z,Auction,1128.5,98244,1196,,1061,,0
GSK.L,2011-02-01T08:00:01.472693000Z,Auction,1128,98244,1196,,1061,,0
GSK.L,2011-02-01T08:00:01.541888000Z,Auction,1128.5,98244,1196,,1061,,0
GSK.L,2011-02-01T08:00:01.541888000Z,Auction,1128,98244,1196,,1061,,0
GSK.L,2011-02-01T08:00:01.541888000Z,Auction,1128.5,98244,1196,,1061,,0
GSK.L,2011-02-01T08:00:01.595599000Z,Auction,1128,98244,1196,,1061,,0
GSK.L,2011-02-01T08:00:01.664388000Z,Auction,1128.5,98244,1196,,1061,,0
GSK.L,2011-02-01T08:00:01.664388000Z,Auction,1128,98244,1196,,1061,,0
GSK.L,2011-02-01T08:00:01.664388000Z,Auction,1128.5,98244,1196,,1061,,0
GSK.L,2011-02-01T08:00:01.724367000Z,Auction,1128,98244,1196,,1061,,0
GSK.L,2011-02-01T08:00:01.752365000Z,Auction,1128.5,98244,1196,,1061,,0
GSK.L,2011-02-01T08:00:01.752365000Z,Auction,1128,98244,1196,,1061,,0
GSK.L,2011-02-01T08:00:01.752365000Z,Auction,1128.5,98244,1196,,1061,,0
GSK.L,2011-02-01T08:00:01.821407000Z,Auction,1128,98244,1196,,1061,,0
GSK.L,2011-02-01T08:00:01.917751000Z,Auction,1128.5,98244,1196,,1061,,0
GSK.L,2011-02-01T08:00:01.917751000Z,Auction,1128,98244,1196,,1061,,0
GSK.L,2011-02-01T08:00:01.917751000Z,Auction,1128.5,98244,1196,,1061,,0
GSK.L,2011-02-01T08:00:01.958667000Z,Auction,1128,98244,1196,,1061,,0
GSK.L,2011-02-01T08:00:02.001051000Z,Auction,1128.5,98244,1196,,1061,,0
GSK.L,2011-02-01T08:00:02.023540000Z,Auction,1128,98244,1196,,1061,,0
GSK.L,2011-02-01T08:00:02.023540000Z,Auction,1128.5,98244,1196,,1061,,0
GSK.L,2011-02-01T08:00:02.099794000Z,Auction,1128,98244,1196,,1061,,0
GSK.L,2011-02-01T08:00:02.200628000Z,Auction,1128.5,98244,1196,,1061,,0
GSK.L,2011-02-01T08:00:02.200628000Z,Auction,1128,98244,1196,,1061,,0
GSK.L,2011-02-01T08:00:02.200628000Z,Auction,1128.5,98244,1196,,1061,,0
GSK.L,2011-02-01T08:00:02.268716000Z,Auction,1128,98244,1196,,1061,,0
GSK.L,2011-02-01T08:00:02.304569000Z,Auction,1128.5,98244,1196,,1061,,0
GSK.L,2011-02-01T08:00:02.304569000Z,Auction,1128,98244,1196,,1061,,0
GSK.L,2011-02-01T08:00:02.314291000Z,Auction,1128.5,98244,1196,,1061,,0
GSK.L,2011-02-01T08:00:02.374345000Z,Auction,1129,98420,1196,,1061,,0
GSK.L,2011-02-01T08:00:02.385578000Z,Auction,1129.5,98420,1196,,1061,,0
GSK.L,2011-02-01T08:00:05.306297000Z,Auction,1130.5,98920,1196,,1061,,0
GSK.L,2011-02-01T08:00:05.306297000Z,Auction,1131,98920,1196,,1061,,0
GSK.L,2011-02-01T08:00:05.306297000Z,Auction,1131.5,98920,1196,,1061,,0
GSK.L,2011-02-01T08:00:05.306297000Z,Auction,1131,98920,1196,,1061,,0
GSK.L,2011-02-01T08:00:05.306297000Z,Auction,1131.5,98920,1196,,1061,,0
GSK.L,2011-02-01T08:00:05.306297000Z,Auction,1132,98920,1196,,1061,,0
GSK.L,2011-02-01T08:00:05.360335000Z,Auction,1131.5,98920,1196,,1061,,0
GSK.L,2011-02-01T08:00:05.360335000Z,Auction,1130.5,98920,1196,,1061,,0
GSK.L,2011-02-01T08:00:05.360335000Z,Auction,1131,98920,1196,,1061,,0
GSK.L,2011-02-01T08:00:05.360335000Z,Auction,1131.5,98920,1196,,1061,,0
GSK.L,2011-02-01T08:00:05.480629000Z,Auction,1132,98920,1196,,1061,,0
GSK.L,2011-02-01T08:00:05.486128000Z,Auction,1131,98920,1196,,1061,,0
GSK.L,2011-02-01T08:00:05.520248000Z,Auction,1131.5,98920,1196,,1061,,0
GSK.L,2011-02-01T08:00:05.555577000Z,Auction,1131,98920,1196,,1061,,0
GSK.L,2011-02-01T08:00:05.555577000Z,Auction,1131.5,98920,1196,,1061,,0
GSK.L,2011-02-01T08:00:05.615321000Z,Auction,1131,100549,1196,,1061,,0
GSK.L,2011-02-01T08:00:05.649032000Z,Auction,1131.5,100549,1196,,1061,,0
GSK.L,2011-02-01T08:00:05.649032000Z,Auction,1131,100549,1196,,1061,,0
GSK.L,2011-02-01T08:00:05.649032000Z,Auction,1131.5,100549,1196,,1061,,0
GSK.L,2011-02-01T08:00:05.672587000Z,Auction,1131,100549,1196,,1061,,0
GSK.L,2011-02-01T08:00:05.672587000Z,Auction,1131.5,100549,1196,,1061,,0
GSK.L,2011-02-01T08:00:05.726728000Z,Auction,1131,100549,1196,,1061,,0
GSK.L,2011-02-01T08:00:05.726728000Z,Auction,1131.5,100549,1196,,1061,,0
GSK.L,2011-02-01T08:00:05.730752000Z,Auction,1131,100549,1196,,1061,,0
GSK.L,2011-02-01T08:00:05.832795000Z,Auction,1131.5,100549,1196,,1061,,0
GSK.L,2011-02-01T08:00:05.832795000Z,Auction,1131,100549,1196,,1061,,0
GSK.L,2011-02-01T08:00:05.832795000Z,Auction,1131.5,100549,1196,,1061,,0
GSK.L,2011-02-01T08:00:05.853830000Z,Auction,1131,100549,1196,,1061,,0
GSK.L,2011-02-01T08:00:05.857302000Z,Auction,1131.5,100549,1196,,1061,,0
GSK.L,2011-02-01T08:00:05.860290000Z,Auction,1131,100549,1196,,1061,,0
GSK.L,2011-02-01T08:00:05.860290000Z,Auction,1131.5,100549,1196,,1061,,0
GSK.L,2011-02-01T08:00:05.912696000Z,Auction,1131,100549,1196,,1061,,0
GSK.L,2011-02-01T08:00:05.943176000Z,Auction,1131.5,100549,1196,,1061,,0
GSK.L,2011-02-01T08:00:05.943176000Z,Auction,1131,100549,1196,,1061,,0
GSK.L,2011-02-01T08:00:05.943176000Z,Auction,1131.5,100549,1196,,1061,,0
GSK.L,2011-02-01T08:00:05.976870000Z,Auction,1131,100549,1196,,1061,,0
GSK.L,2011-02-01T08:00:09.059176000Z,Trade,1131,100549,1196,,1061,,1
GSK.L,2011-02-01T08:00:09.059176000Z,Quote,,,1131,4898,1134,2750,0
GSK.L,2011-02-01T08:00:09.059176000Z,Quote,,,1130.5,8060,1134,2750,0
GSK.L,2011-02-01T08:00:09.135245000Z,Quote,,,1130.5,8060,1134,2887,0
GSK.L,2011-02-01T08:00:10.352881000Z,Quote,,,1130.5,8888,1134,2887,0
GSK.L,2011-02-01T08:00:10.414817000Z,Quote,,,1130.5,8888,1134,4081,0
GSK.L,2011-02-01T08:00:10.583225000Z,Quote,,,1130.5,9497,1134,4081,0
GSK.L,2011-02-01T08:00:12.523715000Z,Quote,,,1130.5,9497,1133.5,480,0
GSK.L,2011-02-01T08:00:12.574450000Z,Quote,,,1131,260,1133.5,480,0
GSK.L,2011-02-01T08:00:12.810314000Z,Quote,,,1132.5,462,1133.5,480,0
GSK.L,2011-02-01T08:00:12.810314000Z,Quote,,,1132.5,924,1133.5,480,0
GSK.L,2011-02-01T08:00:15.171723000Z,Trade,1132.5,462,1132.5,,1133.5,,-1
GSK.L,2011-02-01T08:00:15.171723000Z,Trade,1132.5,462,1132.5,,1133.5,,-1
GSK.L,2011-02-01T08:00:15.171723000Z,Quote,,,1131,260,1133.5,480,0
GSK.L,2011-02-01T08:00:15.171723000Z,Quote,,,1131,684,1133.5,480,0
GSK.L,2011-02-01T08:00:15.171723000Z,Quote,,,1131,1108,1133.5,480,0
GSK.L,2011-02-01T08:00:15.171723000Z,Quote,,,1131,1520,1133.5,480,0
GSK.L,2011-02-01T08:00:15.171723000Z,Quote,,,1131,1096,1133.5,480,0
GSK.L,2011-02-01T08:00:15.215664000Z,Quote,,,1131,672,1133.5,480,0
GSK.L,2011-02-01T08:00:15.215664000Z,Quote,,,1131,260,1133.5,480,0
GSK.L,2011-02-01T08:00:15.215664000Z,Quote,,,1131,260,1133.5,1241,0
GSK.L,2011-02-01T08:00:15.223623000Z,Trade,1131,260,1131,,1133.5,,-1
GSK.L,2011-02-01T08:00:15.228158000Z,Quote,,,1130.5,8888,1131,1067,0
GSK.L,2011-02-01T08:00:15.249775000Z,Trade,1131,1067,1130.5,,1131,,1
GSK.L,2011-02-01T08:00:15.249775000Z,Quote,,,1130.5,8888,1133.5,1241,0
GSK.L,2011-02-01T08:00:15.249775000Z,Quote,,,1130.5,8888,1133.5,1648,0
GSK.L,2011-02-01T08:00:15.249775000Z,Quote,,,1130.5,8888,1133.5,2054,0
GSK.L,2011-02-01T08:00:15.249775000Z,Quote,,,1130.5,8888,1133.5,2500,0
GSK.L,2011-02-01T08:00:15.255697000Z,Quote,,,1130.5,8888,1133.5,2093,0
GSK.L,2011-02-01T08:00:15.255697000Z,Quote,,,1130.5,8888,1133.5,1687,0
GSK.L,2011-02-01T08:00:15.255697000Z,Quote,,,1130.5,8888,1133.5,1241,0
GSK.L,2011-02-01T08:00:16.559574000Z,Quote,,,1130.5,9312,1133.5,1241,0
GSK.L,2011-02-01T08:00:16.656734000Z,Quote,,,1130.5,9312,1133.5,9241,0
GSK.L,2011-02-01T08:00:18.310586000Z,Quote,,,1130.5,9312,1131,151,0
GSK.L,2011-02-01T08:00:18.310586000Z,Trade,1131,151,1130.5,,1131,,1
GSK.L,2011-02-01T08:00:18.310586000Z,Quote,,,1130.5,9312,1133.5,9241,0
GSK.L,2011-02-01T08:00:18.328031000Z,Quote,,,1130.5,8888,1133.5,9241,0
GSK.L,2011-02-01T08:00:21.148196000Z,Quote,,,1131,828,1133.5,9241,0
GSK.L,2011-02-01T08:00:23.066832000Z,Quote,,,1131,828,1133,900,0
GSK.L,2011-02-01T08:00:26.726913000Z,Quote,,,1131,828,1133,5900,0
GSK.L,2011-02-01T08:00:27.010705000Z,Quote,,,1131,1428,1133,5900,0
GSK.L,2011-02-01T08:00:27.045549000Z,Quote,,,1131,1428,1133,5000,0
GSK.L,2011-02-01T08:00:27.280915000Z,Quote,,,1131,1428,1133,7208,0
GSK.L,2011-02-01T08:00:30.482868000Z,Quote,,,1131,927,1133,7208,0
GSK.L,2011-02-01T08:00:30.540971000Z,Trade,1133,5000,1131,,1133,,1
GSK.L,2011-02-01T08:00:30.540971000Z,Trade,1133,2208,1131,,1133,,1
GSK.L,2011-02-01T08:00:30.540971000Z,Quote,,,1133,398,1133.5,9241,0
GSK.L,2011-02-01T08:00:30.540971000Z,Trade,1133,398,1133,,1133.5,,-1
GSK.L,2011-02-01T08:00:30.540971000Z,Quote,,,1131,927,1133.5,9241,0
GSK.L,2011-02-01T08:00:30.540971000Z,Quote,,,1133,7208,1133.5,9241,0
GSK.L,2011-02-01T08:00:30.543575000Z,Trade,1133,398,1133,,1133.5,,-1
GSK.L,2011-02-01T08:00:30.543575000Z,Quote,,,1133,6810,1133.5,9241,0
GSK.L,2011-02-01T08:00:30.593733000Z,Trade,1133.5,155,1133,,1133.5,,1
GSK.L,2011-02-01T08:00:30.593733000Z,Quote,,,1133,6810,1133.5,9086,0
GSK.L,2011-02-01T08:00:30.593733000Z,Trade,1133.5,325,1133,,1133.5,,1
GSK.L,2011-02-01T08:00:30.593733000Z,Trade,1133.5,175,1133,,1133.5,,1
GSK.L,2011-02-01T08:00:30.593733000Z,Quote,,,1133,6810,1133.5,8586,0
GSK.L,2011-02-01T08:00:30.596671000Z,Trade,1133.5,586,1133,,1133.5,,1
GSK.L,2011-02-01T08:00:30.596671000Z,Trade,1133.5,519,1133,,1133.5,,1
GSK.L,2011-02-01T08:00:30.596671000Z,Quote,,,1133,6810,1133.5,7481,0
GSK.L,2011-02-01T08:00:30.596671000Z,Quote,,,1133,6810,1133.5,5481,0
GSK.L,2011-02-01T08:00:30.596671000Z,Trade,1133.5,2000,1133,,1133.5,,1
GSK.L,2011-02-01T08:00:30.596671000Z,Quote,,,1133,6810,1133.5,5381,0
GSK.L,2011-02-01T08:00:30.604896000Z,Trade,1133.5,100,1133,,1133.5,,1
GSK.L,2011-02-01T08:00:30.657258000Z,Quote,,,1133,6810,1133.5,5712,0
GSK.L,2011-02-01T08:00:30.679247000Z,Trade,1133,605,1133,,1133.5,,-1
GSK.L,2011-02-01T08:00:30.679247000Z,Quote,,,1133,6205,1133.5,5712,0
GSK.L,2011-02-01T08:00:31.465815000Z,Quote,,,1132,500,1133.5,5712,0
GSK.L,2011-02-01T08:00:31.475408000Z,Quote,,,1132,722,1133.5,5712,0
GSK.L,2011-02-01T08:00:31.475408000Z,Quote,,,1132,1921,1133.5,5712,0
GSK.L,2011-02-01T08:00:32.152354000Z,Quote,,,1132,1921,1133.5,6580,0
GSK.L,2011-02-01T08:00:32.196490000Z,Quote,,,1133,828,1133.5,6580,0
GSK.L,2011-02-01T08:00:35.052844000Z,Trade,1133,828,1133,,1133.5,,-1
GSK.L,2011-02-01T08:00:35.052844000Z,Quote,,,1132,1921,1133.5,6580,0
GSK.L,2011-02-01T08:00:35.468799000Z,Trade,1133.5,5381,1132,,1133.5,,1
GSK.L,2011-02-01T08:00:35.468799000Z,Trade,1133.5,331,1132,,1133.5,,1
GSK.L,2011-02-01T08:00:35.468799000Z,Trade,1133.5,868,1132,,1133.5,,1
GSK.L,2011-02-01T08:00:35.468799000Z,Quote,,,1132,1921,1134,5137,0
GSK.L,2011-02-01T08:00:35.473341000Z,Quote,,,1132,1699,1134,5137,0
GSK.L,2011-02-01T08:00:35.505920000Z,Quote,,,1132,1699,1133.5,740,0
GSK.L,2011-02-01T08:00:36.105646000Z,Trade,1132,500,1132,,1133.5,,-1
GSK.L,2011-02-01T08:00:36.105646000Z,Trade,1132,268,1132,,1133.5,,-1
GSK.L,2011-02-01T08:00:36.105646000Z,Quote,,,1132,931,1133.5,740,0
GSK.L,2011-02-01T08:00:36.105646000Z,Quote,,,1132,1431,1133.5,740,0
GSK.L,2011-02-01T08:00:36.105646000Z,Quote,,,1132,931,1133.5,740,0
GSK.L,2011-02-01T08:00:36.105646000Z,Quote,,,1131.5,9,1133.5,740,0
GSK.L,2011-02-01T08:00:36.105646000Z,Quote,,,1133,964,1133.5,740,0
GSK.L,2011-02-01T08:00:36.108279000Z,Quote,,,1133,964,1133.5,4026,0
GSK.L,2011-02-01T08:00:36.108279000Z,Trade,1133,964,1133,,1133.5,,-1
GSK.L,2011-02-01T08:00:36.119734000Z,Quote,,,1131.5,9,1133.5,4026,0
GSK.L,2011-02-01T08:00:36.119734000Z,Quote,,,1131.5,9,1133.5,740,0
GSK.L,2011-02-01T08:00:36.119734000Z,Quote,,,1131.5,466,1133.5,740,0
GSK.L,2011-02-01T08:00:36.119734000Z,Quote,,,1131.5,933,1133.5,740,0
GSK.L,2011-02-01T08:00:36.146909000Z,Quote,,,1131.5,933,1133.5,4026,0
GSK.L,2011-02-01T08:00:36.148691000Z,Quote,,,1131.5,476,1133.5,4026,0
GSK.L,2011-02-01T08:00:36.148691000Z,Quote,,,1131.5,476,1133.5,740,0
GSK.L,2011-02-01T08:00:36.148691000Z,Quote,,,1131.5,9,1133.5,740,0
GSK.L,2011-02-01T08:00:36.148691000Z,Quote,,,1131.5,9,1133.5,4026,0
GSK.L,2011-02-01T08:00:36.612961000Z,Quote,,,1131.5,9,1133.5,4273,0
GSK.L,2011-02-01T08:00:36.612961000Z,Quote,,,1131.5,9,1133.5,987,0
GSK.L,2011-02-01T08:00:36.967235000Z,Quote,,,1131.5,9,1133.5,740,0
GSK.L,2011-02-01T08:00:36.975810000Z,Quote,,,1131.5,9,1133.5,4026,0
GSK.L,2011-02-01T08:00:38.304528000Z,Quote,,,1131.5,518,1133.5,4026,0
GSK.L,2011-02-01T08:00:38.342315000Z,Quote,,,1131.5,518,1133.5,740,0
GSK.L,2011-02-01T08:00:39.156725000Z,Quote,,,1131.5,1101,1133.5,740,0
GSK.L,2011-02-01T08:00:39.552093000Z,Trade,1133.082,865,1131.5,,1133.5,,1
GSK.L,2011-02-01T08:00:43.106651000Z,Quote,,,1131.5,1101,1133,2500,0
GSK.L,2011-02-01T08:00:43.410999000Z,Quote,,,1131.5,1101,1133,1399,0
GSK.L,2011-02-01T08:00:43.410999000Z,Trade,1133,1101,1131.5,,1133,,1
GSK.L,2011-02-01T08:00:43.432398000Z,Trade,1133,1399,1131.5,,1133,,1
GSK.L,2011-02-01T08:00:43.432398000Z,Quote,,,1131.5,1101,1133.5,740,0
GSK.L,2011-02-01T08:00:48.270922000Z,Quote,,,1131.5,1101,1133.5,3240,0
GSK.L,2011-02-01T08:00:48.288274000Z,Quote,,,1131.5,2843,1133.5,3240,0
GSK.L,2011-02-01T08:00:52.396195000Z,Quote,,,1132,305,1133.5,3240,0
GSK.L,2011-02-01T08:00:54.234293000Z,Quote,,,1132,305,1133.5,5448,0
GSK.L,2011-02-01T08:01:00.094517000Z,Trade,1133.5,740,1132,,1133.5,,1
GSK.L,2011-02-01T08:01:00.095519000Z,Trade,1133.5,2500,1132,,1133.5,,1
GSK.L,2011-02-01T08:01:00.095519000Z,Trade,1133.5,2208,1132,,1133.5,,1
GSK.L,2011-02-01T08:01:00.095519000Z,Quote,,,1132,305,1134,5000,0
GSK.L,2011-02-01T08:01:00.248490000Z,Quote,,,1132,305,1133.5,604,0
GSK.L,2011-02-01T08:01:00.617070000Z,Trade,1133.5,604,1132,,1133.5,,1
GSK.L,2011-02-01T08:01:00.617070000Z,Quote,,,1132,305,1134,5000,0
GSK.L,2011-02-01T08:01:00.687117000Z,Quote,,,1132,305,1134,5750,0
GSK.L,2011-02-01T08:01:00.736803000Z,Quote,,,1132,489,1134,5750,0
GSK.L,2011-02-01T08:01:01.212002000Z,Quote,,,1132,489,1134,5913,0
GSK.L,2011-02-01T08:01:01.225181000Z,Quote,,,1132,2125,1134,5913,0
GSK.L,2011-02-01T08:01:01.495731000Z,Quote,,,1132,2812,1134,5913,0
GSK.L,2011-02-01T08:01:02.257605000Z,Trade,1134,4811,1132,,1134,,1
GSK.L,2011-02-01T08:01:02.257605000Z,Quote,,,1132,2812,1134,1102,0
GSK.L,2011-02-01T08:01:02.257605000Z,Trade,1134,189,1132,,1134,,1
GSK.L,2011-02-01T08:01:02.257605000Z,Trade,1134,750,1132,,1134,,1
GSK.L,2011-02-01T08:01:02.257605000Z,Trade,1134,163,1132,,1134,,1
GSK.L,2011-02-01T08:01:02.274810000Z,Quote,,,1134,110,1134.5,8861,0
GSK.L,2011-02-01T08:01:02.274810000Z,Trade,1134,110,1134,,1134.5,,-1
GSK.L,2011-02-01T08:01:02.274810000Z,Quote,,,1132,3150,1134.5,8861,0
GSK.L,2011-02-01T08:01:02.274810000Z,Trade,1134.5,4189,1132,,1134.5,,1
GSK.L,2011-02-01T08:01:02.274810000Z,Quote,,,1132,3150,1134.5,4672,0
GSK.L,2011-02-01T08:01:02.274810000Z,Quote,,,1132,3650,1134.5,4672,0
GSK.L,2011-02-01T08:01:02.274810000Z,Quote,,,1132,4057,1134.5,4672,0
GSK.L,2011-02-01T08:01:02.274810000Z,Quote,,,1132.5,1650,1134.5,4672,0
GSK.L,2011-02-01T08:01:02.274810000Z,Quote,,,1132,4454,1134.5,4672,0
GSK.L,2011-02-01T08:01:02.297668000Z,Quote,,,1132.5,500,1134.5,4672,0
GSK.L,2011-02-01T08:01:02.346374000Z,Quote,,,1133,305,1134.5,4672,0
GSK.L,2011-02-01T08:01:02.490257000Z,Trade,1134.5,257,1133,,1134.5,,1
GSK.L,2011-02-01T08:01:02.494196000Z,Quote,,,1133,305,1134.5,4415,0
GSK.L,2011-02-01T08:01:02.771982000Z,Trade,1134.5,4415,1133,,1134.5,,1
GSK.L,2011-02-01T08:01:02.771982000Z,Quote,,,1133,305,1135,437,0
GSK.L,2011-02-01T08:01:02.771982000Z,Quote,,,1133,508,1135,437,0
GSK.L,2011-02-01T08:01:02.791318000Z,Quote,,,1133,305,1135,437,0
GSK.L,2011-02-01T08:01:03.049001000Z,Quote,,,1133,305,1134,110,0
GSK.L,2011-02-01T08:01:03.049001000Z,Trade,1134,110,1133,,1134,,1
GSK.L,2011-02-01T08:01:03.049001000Z,Quote,,,1133,305,1135,437,0
GSK.L,2011-02-01T08:01:03.049001000Z,Quote,,,1133,305,1135,628,0
GSK.L,2011-02-01T08:01:03.049001000Z,Quote,,,1133,305,1135,437,0
GSK.L,2011-02-01T08:01:03.937704000Z,Quote,,,1132,3345,1135,437,0
GSK.L,2011-02-01T08:01:03.945882000Z,Quote,,,1132,2845,1135,437,0
GSK.L,2011-02-01T08:01:03.956030000Z,Quote,,,1133,305,1135,437,0
GSK.L,2011-02-01T08:01:04.108268000Z,Quote,,,1132,2845,1135,437,0
GSK.L,2011-02-01T08:01:04.114408000Z,Quote,,,1133,305,1135,437,0
GSK.L,2011-02-01T08:01:04.324422000Z,Quote,,,1133,1253,1135,437,0
GSK.L,2011-02-01T08:01:04.471700000Z,Quote,,,1133,948,1135,437,0
GSK.L,2011-02-01T08:01:07.319625000Z,Quote,,,1133,948,1135,697,0
GSK.L,2011-02-01T08:01:12.144790000Z,Quote,,,1133,1253,1135,697,0
GSK.L,2011-02-01T08:01:12.626960000Z,Quote,,,1133,948,1135,697,0
GSK.L,2011-02-01T08:01:12.636360000Z,Quote,,,1133,1253,1135,697,0
GSK.L,2011-02-01T08:01:13.046963000Z,Quote,,,1133.5,305,1135,697,0
GSK.L,2011-02-01T08:01:14.373516000Z,Quote,,,1133.5,305,1135,2697,0
GSK.L,2011-02-01T08:01:14.373516000Z,Trade,1135,437,1133.5,,1135,,1
GSK.L,2011-02-01T08:01:14.373516000Z,Trade,1135,260,1133.5,,1135,,1
GSK.L,2011-02-01T08:01:14.375057000Z,Trade,1135,2000,1133.5,,1135,,1
GSK.L,2011-02-01T08:01:14.375057000Z,Quote,,,1135,269,1136,451,0
GSK.L,2011-02-01T08:01:14.384783000Z,Quote,,,1135,2966,1136,451,0
GSK.L,2011-02-01T08:01:14.390031000Z,Trade,1135,269,1135,,1136,,-1
GSK.L,2011-02-01T08:01:14.390031000Z,Quote,,,1135,2697,1136,451,0
GSK.L,2011-02-01T08:01:14.395256000Z,Quote,,,1135,3697,1136,451,0
GSK.L,2011-02-01T08:01:14.395256000Z,Quote,,,1135,4197,1136,451,0
GSK.L,2011-02-01T08:01:14.395256000Z,Quote,,,1135,4697,1136,451,0
GSK.L,2011-02-01T08:01:14.395256000Z,Trade,1136,235,1135,,1136,,1
GSK.L,2011-02-01T08:01:14.395256000Z,Trade,1136,42,1135,,1136,,1
GSK.L,2011-02-01T08:01:14.396530000Z,Quote,,,1135,4697,1136,174,0
GSK.L,2011-02-01T08:01:14.398120000Z,Quote,,,1135,4197,1136,174,0
GSK.L,2011-02-01T08:01:14.398120000Z,Quote,,,1135,4697,1136,174,0
GSK.L,2011-02-01T08:01:14.398120000Z,Quote,,,1135,4197,1136,174,0
GSK.L,2011-02-01T08:01:14.398120000Z,Trade,1136,9,1135,,1136,,1
GSK.L,2011-02-01T08:01:14.398120000Z,Quote,,,1135,4197,1136,165,0
GSK.L,2011-02-01T08:01:14.497239000Z,Quote,,,1135,5159,1136,165,0
GSK.L,2011-02-01T08:01:15.030207000Z,Trade,1136,165,1135,,1136,,1
GSK.L,2011-02-01T08:01:15.030207000Z,Quote,,,1135,5159,1137,26076,0
GSK.L,2011-02-01T08:01:15.030207000Z,Quote,,,1135,7536,1137,26076,0
GSK.L,2011-02-01T08:01:15.382447000Z,Quote,,,1135,4839,1137,26076,0
GSK.L,2011-02-01T08:01:15.395310000Z,Quote,,,1135,4339,1137,26076,0
GSK.L,2011-02-01T08:01:15.398435000Z,Quote,,,1135,3839,1137,26076,0
GSK.L,2011-02-01T08:01:15.398435000Z,Quote,,,1135,3339,1137,26076,0
GSK.L,2011-02-01T08:01:15.399759000Z,Quote,,,1135,962,1137,26076,0
GSK.L,2011-02-01T08:01:15.522726000Z,Quote,,,1135,962,1137,26446,0
GSK.L,2011-02-01T08:01:18.147290000Z,Quote,,,1135,1420,1137,26446,0
GSK.L,2011-02-01T08:01:18.932478000Z,Quote,,,1135,1420,1137,28446,0
GSK.L,2011-02-01T08:01:19.443539000Z,Quote,,,1135,1420,1137,28706,0
GSK.L,2011-02-01T08:01:20.754644000Z,Quote,,,1135,26420,1137,28706,0
GSK.L,2011-02-01T08:01:21.193383000Z,Quote,,,1135,26420,1137,30913,0
GSK.L,2011-02-01T08:01:21.856822000Z,Trade,1135,500,1135,,1137,,-1
GSK.L,2011-02-01T08:01:21.856822000Z,Quote,,,1135,25920,1137,30913,0
GSK.L,2011-02-01T08:01:24.281266000Z,Quote,,,1135,25920,1137,30728,0
GSK.L,2011-02-01T08:01:24.294658000Z,Trade,1137,672,1135,,1137,,1
GSK.L,2011-02-01T08:01:24.294658000Z,Quote,,,1135,25920,1137,30056,0
GSK.L,2011-02-01T08:01:26.531401000Z,Trade,1137,24328,1135,,1137,,1
GSK.L,2011-02-01T08:01:26.531401000Z,Trade,1137,526,1135,,1137,,1
GSK.L,2011-02-01T08:01:26.531401000Z,Trade,1137,550,1135,,1137,,1
GSK.L,2011-02-01T08:01:26.531401000Z,Trade,1137,185,1135,,1137,,1
GSK.L,2011-02-01T08:01:26.531401000Z,Trade,1137,2000,1135,,1137,,1
GSK.L,2011-02-01T08:01:26.531401000Z,Trade,1137,260,1135,,1137,,1
GSK.L,2011-02-01T08:01:26.531401000Z,Trade,1137,2207,1135,,1137,,1
GSK.L,2011-02-01T08:01:26.531401000Z,Quote,,,1137,857,1138,4775,0
GSK.L,2011-02-01T08:01:26.531401000Z,Quote,,,1137,857,1138,5845,0
GSK.L,2011-02-01T08:01:26.534519000Z,Quote,,,1137,857,1138,5345,0
GSK.L,2011-02-01T08:01:26.534519000Z,Quote,,,1137,857,1138,4275,0
GSK.L,2011-02-01T08:01:26.534519000Z,Quote,,,1137,857,1138.5,8433,0
GSK.L,2011-02-01T08:01:26.555446000Z,Quote,,,1137,857,1138,2000,0
GSK.L,2011-02-01T08:01:26.569306000Z,Quote,,,1137,857,1138.5,8433,0
GSK.L,2011-02-01T08:01:26.569306000Z,Quote,,,1137,857,1138,3241,0
GSK.L,2011-02-01T08:01:26.569306000Z,Quote,,,1137,857,1138.5,8433,0
GSK.L,2011-02-01T08:01:26.569306000Z,Quote,,,1138,2200,1138.5,8433,0
GSK.L,2011-02-01T08:01:26.600127000Z,Trade,1138.5,8433,1138,,1138.5,,1
GSK.L,2011-02-01T08:01:26.600127000Z,Quote,,,1138,2200,1139.5,658,0
GSK.L,2011-02-01T08:01:26.600127000Z,Trade,1138,214,1138,,1139.5,,-1
GSK.L,2011-02-01T08:01:26.600127000Z,Quote,,,1138,1986,1139.5,658,0
GSK.L,2011-02-01T08:01:26.600127000Z,Trade,1139.5,658,1138,,1139.5,,1
GSK.L,2011-02-01T08:01:26.615283000Z,Quote,,,1138,1986,1142.5,722,0
GSK.L,2011-02-01T08:01:26.615283000Z,Quote,,,1138,3516,1142.5,722,0
GSK.L,2011-02-01T08:01:26.794835000Z,Quote,,,1138,4071,1142.5,722,0
GSK.L,2011-02-01T08:01:27.150483000Z,Quote,,,1138,4071,1142.5,1021,0
GSK.L,2011-02-01T08:01:27.557605000Z,Quote,,,1138,2085,1142.5,1021,0
GSK.L,2011-02-01T08:01:27.751015000Z,Quote,,,1138,2606,1142.5,1021,0
GSK.L,2011-02-01T08:01:28.016667000Z,Quote,,,1138,2085,1142.5,1021,0
GSK.L,2011-02-01T08:01:28.016667000Z,Quote,,,1138,2657,1142.5,1021,0
GSK.L,2011-02-01T08:01:28.191462000Z,Quote,,,1138,3115,1142.5,1021,0
GSK.L,2011-02-01T08:01:29.765955000Z,Trade,1138,1530,1138,,1142.5,,-1
GSK.L,2011-02-01T08:01:29.765955000Z,Trade,1138,555,1138,,1142.5,,-1
GSK.L,2011-02-01T08:01:29.765955000Z,Trade,1138,572,1138,,1142.5,,-1
GSK.L,2011-02-01T08:01:29.765955000Z,Trade,1138,458,1138,,1142.5,,-1
GSK.L,2011-02-01T08:01:29.770406000Z,Trade,1137,857,1138,,1142.5,,-1
GSK.L,2011-02-01T08:01:29.770406000Z,Trade,1137,500,1138,,1142.5,,-1
GSK.L,2011-02-01T08:01:29.770406000Z,Trade,1136,500,1138,,1142.5,,-1
GSK.L,2011-02-01T08:01:29.770406000Z,Quote,,,1135.5,934,1136,28,0
GSK.L,2011-02-01T08:01:29.777211000Z,Trade,1136,28,1135.5,,1136,,1
GSK.L,2011-02-01T08:01:29.777211000Z,Quote,,,1137,2592,1142.5,1021,0
GSK.L,2011-02-01T08:01:29.777211000Z,Quote,,,1137,3092,1142.5,1021,0
GSK.L,2011-02-01T08:01:29.777211000Z,Quote,,,1137,500,1142.5,1021,0
GSK.L,2011-02-01T08:01:29.777211000Z,Quote,,,1136,8753,1142.5,1021,0
GSK.L,2011-02-01T08:01:29.777211000Z,Quote,,,1136,10463,1142.5,1021,0
GSK.L,2011-02-01T08:01:29.777211000Z,Quote,,,1136,10463,1142,2619,0
GSK.L,2011-02-01T08:01:29.781089000Z,Quote,,,1136,6485,1142,2619,0
GSK.L,2011-02-01T08:01:29.781089000Z,Quote,,,1136,2210,1142,2619,0
GSK.L,2011-02-01T08:01:29.781089000Z,Quote,,,1136,1710,1142,2619,0
GSK.L,2011-02-01T08:01:29.781089000Z,Quote,,,1136,1710,1142.5,1021,0
GSK.L,2011-02-01T08:01:29.781089000Z,Quote,,,1135.5,3254,1142.5,1021,0
GSK.L,2011-02-01T08:01:29.781089000Z,Quote,,,1136,500,1142.5,1021,0
GSK.L,2011-02-01T08:01:29.781089000Z,Quote,,,1136,1000,1142.5,1021,0
GSK.L,2011-02-01T08:01:29.781089000Z,Quote,,,1136.5,3980,1142.5,1021,0
GSK.L,2011-02-01T08:01:29.781089000Z,Quote,,,1136.5,3980,1142.5,2204,0
GSK.L,2011-02-01T08:01:29.781089000Z,Quote,,,1136.5,3980,1142.5,3116,0
GSK.L,2011-02-01T08:01:29.781089000Z,Quote,,,1135.5,3254,1142.5,3116,0
GSK.L,2011-02-01T08:01:29.781089000Z,Quote,,,1135.5,3254,1142,3097,0
GSK.L,2011-02-01T08:01:29.796343000Z,Quote,,,1136.5,1300,1142,3097,0
GSK.L,2011-02-01T08:01:29.796343000Z,Quote,,,1135.5,1434,1142,3097,0
GSK.L,2011-02-01T08:01:29.808085000Z,Quote,,,1136,3505,1142,3097,0
GSK.L,2011-02-01T08:01:29.808085000Z,Quote,,,1135.5,1434,1142,3097,0
GSK.L,2011-02-01T08:01:29.808085000Z,Quote,,,1136,3494,1142,3097,0
GSK.L,2011-02-01T08:01:29.820607000Z,Quote,,,1135.5,2224,1142,3097,0
GSK.L,2011-02-01T08:01:29.820607000Z,Quote,,,1135.5,1500,1142,3097,0
GSK.L,2011-02-01T08:01:29.843695000Z,Quote,,,1135.5,1000,1142,3097,0
GSK.L,2011-02-01T08:01:29.855164000Z,Quote,,,1135,25000,1142,3097,0
GSK.L,2011-02-01T08:01:29.855164000Z,Quote,,,1135,27470,1142,3097,0
GSK.L,2011-02-01T08:01:29.888649000Z,Quote,,,1135.5,1000,1142,3097,0
GSK.L,2011-02-01T08:01:29.888649000Z,Quote,,,1135.5,1000,1142,4397,0
GSK.L,2011-02-01T08:01:30.537191000Z,Quote,,,1135.5,1000,1142,4807,0
GSK.L,2011-02-01T08:01:30.938285000Z,Trade,1135.5,576,1135.5,,1142,,-1
GSK.L,2011-02-01T08:01:30.938285000Z,Quote,,,1135.5,424,1142,4807,0
GSK.L,2011-02-01T08:01:31.103156000Z,Quote,,,1135.5,424,1141.5,576,0
GSK.L,2011-02-01T08:01:31.131312000Z,Quote,,,1135.5,2554,1141.5,576,0
GSK.L,2011-02-01T08:01:31.131312000Z,Quote,,,1135.5,2554,1141.5,2156,0
GSK.L,2011-02-01T08:01:31.131312000Z,Quote,,,1136,724,1141.5,2156,0
GSK.L,2011-02-01T08:01:31.131312000Z,Quote,,,1136,3254,1141.5,2156,0
GSK.L,2011-02-01T08:01:31.131312000Z,Quote,,,1136,2530,1141.5,2156,0
GSK.L,2011-02-01T08:01:31.132928000Z,Quote,,,1135.5,424,1141.5,2156,0
GSK.L,2011-02-01T08:01:31.132928000Z,Quote,,,1135.5,1515,1141.5,2156,0
GSK.L,2011-02-01T08:01:31.132928000Z,Quote,,,1135.5,2478,1141.5,2156,0
GSK.L,2011-02-01T08:01:31.132928000Z,Quote,,,1135.5,2478,1141,2372,0
GSK.L,2011-02-01T08:01:31.132928000Z,Quote,,,1135.5,1387,1141,2372,0
GSK.L,2011-02-01T08:01:31.132928000Z,Quote,,,1135.5,424,1141,2372,0
GSK.L,2011-02-01T08:01:31.132928000Z,Quote,,,1135.5,424,1141.5,2156,0
GSK.L,2011-02-01T08:01:31.143525000Z,Quote,,,1135.5,424,1141.5,3300,0
GSK.L,2011-02-01T08:01:31.143525000Z,Quote,,,1135.5,424,1141.5,2156,0
GSK.L,2011-02-01T08:01:31.149379000Z,Quote,,,1135,25000,1141.5,2156,0
GSK.L,2011-02-01T08:01:31.149379000Z,Quote,,,1135,25000,1141,2473,0
GSK.L,2011-02-01T08:01:31.149379000Z,Quote,,,1135,27360,1141,2473,0
GSK.L,2011-02-01T08:01:31.149379000Z,Quote,,,1135,27360,1141,4603,0
GSK.L,2011-02-01T08:01:31.167194000Z,Quote,,,1135,27360,1141,2130,0
GSK.L,2011-02-01T08:01:31.167194000Z,Quote,,,1135,27360,1141.5,576,0
GSK.L,2011-02-01T08:01:31.210272000Z,Quote,,,1135,27360,1141,576,0
GSK.L,2011-02-01T08:01:31.210272000Z,Quote,,,1135.5,424,1141,576,0
GSK.L,2011-02-01T08:01:31.210272000Z,Quote,,,1135.5,424,1140.5,1000,0
GSK.L,2011-02-01T08:01:31.218172000Z,Quote,,,1135.5,608,1140.5,1000,0
GSK.L,2011-02-01T08:01:31.218172000Z,Quote,,,1135.5,608,1140.5,2070,0
GSK.L,2011-02-01T08:01:31.231384000Z,Quote,,,1135.5,1332,1140.5,2070,0
GSK.L,2011-02-01T08:01:31.281535000Z,Quote,,,1135.5,908,1140.5,2070,0
GSK.L,2011-02-01T08:01:31.281535000Z,Quote,,,1135.5,184,1140.5,2070,0
GSK.L,2011-02-01T08:01:33.347740000Z,Quote,,,1135.5,1794,1140.5,2070,0
GSK.L,2011-02-01T08:01:33.365320000Z,Quote,,,1136,724,1140.5,2070,0
GSK.L,2011-02-01T08:01:33.365320000Z,Quote,,,1136,3034,1140.5,2070,0
GSK.L,2011-02-01T08:01:33.368057000Z,Quote,,,1136,5182,1140.5,2070,0
GSK.L,2011-02-01T08:01:33.368057000Z,Quote,,,1136,2872,1140.5,2070,0
GSK.L,2011-02-01T08:01:33.386567000Z,Quote,,,1135.5,908,1140.5,2070,0
GSK.L,2011-02-01T08:01:33.386567000Z,Quote,,,1135.5,184,1140.5,2070,0
GSK.L,2011-02-01T08:01:33.386567000Z,Quote,,,1135.5,1510,1140.5,2070,0
GSK.L,2011-02-01T08:01:33.388780000Z,Quote,,,1135.5,3103,1140.5,2070,0
GSK.L,2011-02-01T08:01:33.388780000Z,Quote,,,1135.5,3827,1140.5,2070,0
GSK.L,2011-02-01T08:01:33.388780000Z,Quote,,,1135.5,2501,1140.5,2070,0
GSK.L,2011-02-01T08:01:33.388780000Z,Quote,,,1135.5,908,1140.5,2070,0
GSK.L,2011-02-01T08:01:34.110316000Z,Quote,,,1135.5,4169,1140.5,2070,0
GSK.L,2011-02-01T08:01:35.818263000Z,Quote,,,1135.5,908,1140.5,2070,0
GSK.L,2011-02-01T08:01:35.841792000Z,Quote,,,1135.5,4169,1140.5,2070,0
GSK.L,2011-02-01T08:01:36.707536000Z,Quote,,,1135.5,4169,1140,5000,0
GSK.L,2011-02-01T08:01:36.707536000Z,Quote,,,1135.5,6289,1140,5000,0
GSK.L,2011-02-01T08:01:36.707536000Z,Quote,,,1135.5,6289,1140,6660,0
GSK.L,2011-02-01T08:01:36.751801000Z,Quote,,,1135.5,6289,1139.5,576,0
GSK.L,2011-02-01T08:01:36.795858000Z,Quote,,,1135.5,6289,1139.5,2876,0
GSK.L,2011-02-01T08:01:36.795858000Z,Quote,,,1135.5,4169,1139.5,2876,0
GSK.L,2011-02-01T08:01:37.080477000Z,Trade,1135.5,184,1135.5,,1139.5,,-1
GSK.L,2011-02-01T08:01:37.080477000Z,Trade,1135.5,3985,1135.5,,1139.5,,-1
GSK.L,2011-02-01T08:01:37.080477000Z,Trade,1135,18918,1135.5,,1139.5,,-1
GSK.L,2011-02-01T08:01:37.080477000Z,Quote,,,1135,6582,1139.5,2876,0
GSK.L,2011-02-01T08:01:37.080477000Z,Quote,,,1135,6884,1139.5,2876,0
GSK.L,2011-02-01T08:01:37.080477000Z,Quote,,,1135,7556,1139.5,2876,0
GSK.L,2011-02-01T08:01:37.080477000Z,Quote,,,1135,8144,1139.5,2876,0
GSK.L,2011-02-01T08:01:37.080477000Z,Quote,,,1135,9614,1139.5,2876,0
GSK.L,2011-02-01T08:01:37.080477000Z,Quote,,,1135,9614,1139,2560,0
GSK.L,2011-02-01T08:01:37.080477000Z,Quote,,,1135,9312,1139,2560,0
GSK.L,2011-02-01T08:01:37.080477000Z,Quote,,,1135,8724,1139,2560,0
GSK.L,2011-02-01T08:01:37.080477000Z,Quote,,,1135,8052,1139,2560,0
GSK.L,2011-02-01T08:01:37.080477000Z,Quote,,,1135,7552,1139,2560,0
GSK.L,2011-02-01T08:01:37.080477000Z,Quote,,,1135,6082,1139,2560,0
GSK.L,2011-02-01T08:01:37.080477000Z,Quote,,,1135,6082,1139,4400,0
GSK.L,2011-02-01T08:01:37.102123000Z,Quote,,,1135,6082,1139,1840,0
GSK.L,2011-02-01T08:01:37.102123000Z,Quote,,,1135,6082,1139.5,576,0
GSK.L,2011-02-01T08:01:37.102123000Z,Quote,,,1135,6082,1138.5,3398,0
GSK.L,2011-02-01T08:01:37.102123000Z,Quote,,,1135,6082,1139.5,2538,0
GSK.L,2011-02-01T08:01:37.102123000Z,Quote,,,1135,6082,1139.5,1498,0
GSK.L,2011-02-01T08:01:37.134712000Z,Quote,,,1135,6082,1138.5,1630,0
GSK.L,2011-02-01T08:01:37.134712000Z,Quote,,,1135,6082,1139,3261,0
GSK.L,2011-02-01T08:01:37.134712000Z,Quote,,,1135,6082,1139.5,1498,0
GSK.L,2011-02-01T08:01:37.134712000Z,Quote,,,1135,6082,1139.5,1998,0
GSK.L,2011-02-01T08:01:37.134712000Z,Quote,,,1135,6082,1139,3261,0
GSK.L,2011-02-01T08:01:37.195155000Z,Quote,,,1135,6082,1138.5,576,0
GSK.L,2011-02-01T08:01:37.195155000Z,Trade,1135,576,1135,,1138.5,,-1
GSK.L,2011-02-01T08:01:37.195155000Z,Quote,,,1135,5506,1138.5,576,0
GSK.L,2011-02-01T08:01:37.239112000Z,Quote,,,1135,5506,1139.5,3942,0
GSK.L,2011-02-01T08:01:37.239112000Z,Quote,,,1135,5506,1138.5,1000,0
GSK.L,2011-02-01T08:01:37.297217000Z,Quote,,,1135,5506,1140,5000,0
GSK.L,2011-02-01T08:01:37.297217000Z,Quote,,,1135,5506,1140,5423,0
GSK.L,2011-02-01T08:01:37.297217000Z,Quote,,,1135,5506,1139.5,3387,0
GSK.L,2011-02-01T08:01:37.448188000Z,Trade,1135,373,1135,,1139.5,,-1
GSK.L,2011-02-01T08:01:37.448188000Z,Quote,,,1135,5133,1139.5,3387,0
GSK.L,2011-02-01T08:01:37.624726000Z,Quote,,,1135,6578,1139.5,3387,0
GSK.L,2011-02-01T08:01:38.146303000Z,Trade,1135,2148,1135,,1139.5,,-1
GSK.L,2011-02-01T08:01:38.146303000Z,Quote,,,1135,4430,1139.5,3387,0
GSK.L,2011-02-01T08:01:38.146303000Z,Quote,,,1135,5740,1139.5,3387,0
GSK.L,2011-02-01T08:01:38.162702000Z,Quote,,,1135,5740,1139.5,4597,0
GSK.L,2011-02-01T08:01:38.736868000Z,Quote,,,1135,5740,1139.5,5850,0
GSK.L,2011-02-01T08:01:41.978457000Z,Quote,,,1135,5740,1139.5,6237,0
GSK.L,2011-02-01T08:01:43.468627000Z,Quote,,,1135,5740,1139.5,6353,0
GSK.L,2011-02-01T08:01:48.287812000Z,Quote,,,1135,5740,1139.5,8561,0
GSK.L,2011-02-01T08:01:50.324713000Z,Quote,,,1135,5740,1139,1040,0
GSK.L,2011-02-01T08:01:50.324713000Z,Quote,,,1135,4430,1139,1040,0
GSK.L,2011-02-01T08:01:50.324713000Z,Quote,,,1135,4430,1139,3620,0
GSK.L,2011-02-01T08:01:50.324713000Z,Quote,,,1135,4430,1138.5,3990,0
GSK.L,2011-02-01T08:01:50.328851000Z,Quote,,,1135,4430,1138.5,5270,0
GSK.L,2011-02-01T08:01:50.361207000Z,Quote,,,1135,4430,1138.5,3990,0
GSK.L,2011-02-01T08:01:50.367988000Z,Quote,,,1135,6000,1138.5,3990,0
GSK.L,2011-02-01T08:01:50.369714000Z,Quote,,,1135,6000,1139,3745,0
GSK.L,2011-02-01T08:01:50.381277000Z,Quote,,,1135,6000,1139,5953,0
GSK.L,2011-02-01T08:01:50.410828000Z,Quote,,,1135,6000,1137.5,1040,0
GSK.L,2011-02-01T08:01:50.410828000Z,Quote,,,1135,4430,1137.5,1040,0
GSK.L,2011-02-01T08:01:50.447689000Z,Quote,,,1135,4430,1137.5,3248,0
GSK.L,2011-02-01T08:01:50.984193000Z,Trade,1135,2985,1135,,1137.5,,-1
GSK.L,2011-02-01T08:01:50.984193000Z,Trade,1135,1445,1135,,1137.5,,-1
GSK.L,2011-02-01T08:01:50.999817000Z,Quote,,,1132.5,4275,1137.5,3248,0
GSK.L,2011-02-01T08:01:50.999817000Z,Quote,,,1131.5,500,1137.5,3248,0
GSK.L,2011-02-01T08:01:50.999817000Z,Quote,,,1132.5,1340,1137.5,3248,0
GSK.L,2011-02-01T08:01:50.999817000Z,Quote,,,1132.5,3047,1137.5,3248,0
GSK.L,2011-02-01T08:01:50.999817000Z,Quote,,,1132.5,3873,1137.5,3248,0
GSK.L,2011-02-01T08:01:50.999817000Z,Quote,,,1132.5,4849,1137.5,3248,0
GSK.L,2011-02-01T08:01:50.999817000Z,Quote,,,1132.5,4849,1137.5,4788,0
GSK.L,2011-02-01T08:01:50.999817000Z,Quote,,,1132.5,4849,1137,3261,0
GSK.L,2011-02-01T08:01:51.000878000Z,Quote,,,1132.5,3142,1137,3261,0
GSK.L,2011-02-01T08:01:51.000878000Z,Quote,,,1133,1650,1137,3261,0
GSK.L,2011-02-01T08:01:51.000878000Z,Quote,,,1132.5,1340,1137,3261,0
GSK.L,2011-02-01T08:01:51.000878000Z,Quote,,,1132.5,1340,1137,4881,0
GSK.L,2011-02-01T08:01:51.000878000Z,Quote,,,1129.5,467,1137,4881,0
GSK.L,2011-02-01T08:01:51.000878000Z,Quote,,,1129.5,967,1137,4881,0
GSK.L,2011-02-01T08:01:51.000878000Z,Quote,,,1129.5,967,1137,1620,0
GSK.L,2011-02-01T08:01:51.000878000Z,Quote,,,1129.5,1967,1137,1620,0
GSK.L,2011-02-01T08:01:51.000878000Z,Quote,,,1129.5,1467,1137,1620,0
GSK.L,2011-02-01T08:01:51.000878000Z,Quote,,,1129.5,2927,1137,1620,0
GSK.L,2011-02-01T08:01:51.000878000Z,Quote,,,1129.5,2927,1136.5,2830,0
GSK.L,2011-02-01T08:01:51.000878000Z,Quote,,,1129.5,2427,1136.5,2830,0
GSK.L,2011-02-01T08:01:51.000878000Z,Quote,,,1130.5,3500,1136.5,2830,0
GSK.L,2011-02-01T08:01:51.000878000Z,Quote,,,1130,3650,1136.5,2830,0
GSK.L,2011-02-01T08:01:51.000878000Z,Quote,,,1130,3650,1136.5,5510,0
GSK.L,2011-02-01T08:01:51.000878000Z,Quote,,,1130,2000,1136.5,5510,0
GSK.L,2011-02-01T08:01:51.000878000Z,Quote,,,1130.5,1620,1136.5,5510,0
GSK.L,2011-02-01T08:01:51.015175000Z,Quote,,,1133,305,1136.5,5510,0
GSK.L,2011-02-01T08:01:51.015175000Z,Quote,,,1133,305,1136.5,2680,0
GSK.L,2011-02-01T08:01:51.015175000Z,Quote,,,1133,305,1136,3267,0
GSK.L,2011-02-01T08:01:51.023835000Z,Quote,,,1133,305,1137,3567,0
GSK.L,2011-02-01T08:01:51.023835000Z,Quote,,,1133,305,1137,3067,0
GSK.L,2011-02-01T08:01:51.023835000Z,Quote,,,1133,305,1137,2567,0
GSK.L,2011-02-01T08:01:51.023835000Z,Quote,,,1133,305,1136.5,3261,0
GSK.L,2011-02-01T08:01:51.023835000Z,Quote,,,1133,2905,1136.5,3261,0
GSK.L,2011-02-01T08:01:51.027561000Z,Quote,,,1133,2905,1137,3089,0
GSK.L,2011-02-01T08:01:51.027561000Z,Quote,,,1133,305,1137,3089,0
GSK.L,2011-02-01T08:01:51.027561000Z,Quote,,,1133,305,1137.5,1540,0
GSK.L,2011-02-01T08:01:51.027561000Z,Quote,,,1133,305,1137,3261,0
GSK.L,2011-02-01T08:01:51.059010000Z,Quote,,,1133,305,1137.5,1540,0
GSK.L,2011-02-01T08:01:51.059010000Z,Quote,,,1133,305,1137,3261,0
GSK.L,2011-02-01T08:01:51.059010000Z,Quote,,,1133,305,1137,5469,0
GSK.L,2011-02-01T08:01:51.102165000Z,Quote,,,1133,305,1137,3261,0
GSK.L,2011-02-01T08:01:51.123780000Z,Quote,,,1133,305,1137.5,1040,0
GSK.L,2011-02-01T08:01:51.123780000Z,Quote,,,1133,305,1137,2208,0
GSK.L,2011-02-01T08:01:51.154057000Z,Quote,,,1133,305,1137.5,1040,0
GSK.L,2011-02-01T08:01:51.183386000Z,Quote,,,1133,305,1137.5,3248,0
GSK.L,2011-02-01T08:01:51.183386000Z,Quote,,,1133,305,1137,2594,0
GSK.L,2011-02-01T08:01:51.223607000Z,Quote,,,1133,305,1137.5,1040,0
GSK.L,2011-02-01T08:01:51.223607000Z,Quote,,,1133,305,1137,2208,0
GSK.L,2011-02-01T08:01:51.498909000Z,Quote,,,1133,305,1137,2618,0
GSK.L,2011-02-01T08:01:52.472893000Z,Quote,,,1133,305,1136.5,3261,0
GSK.L,2011-02-01T08:01:52.472893000Z,Quote,,,1133,305,1136.5,4981,0
GSK.L,2011-02-01T08:01:52.504261000Z,Quote,,,1133,305,1136.5,1720,0
GSK.L,2011-02-01T08:01:52.504261000Z,Quote,,,1133,305,1137,410,0
GSK.L,2011-02-01T08:01:52.504261000Z,Quote,,,1133,305,1137,2650,0
GSK.L,2011-02-01T08:01:52.513869000Z,Quote,,,1133,305,1137,3808,0
GSK.L,2011-02-01T08:01:52.513869000Z,Quote,,,1133,305,1137,6917,0
GSK.L,2011-02-01T08:01:52.513869000Z,Quote,,,1133,305,1137,5759,0
GSK.L,2011-02-01T08:01:52.513869000Z,Quote,,,1133,305,1136.5,3173,0
GSK.L,2011-02-01T08:01:52.513869000Z,Quote,,,1133,305,1137,2650,0
GSK.L,2011-02-01T08:01:52.513869000Z,Quote,,,1133,305,1136.5,2208,0
GSK.L,2011-02-01T08:01:52.513869000Z,Quote,,,1133,305,1136.5,5469,0
GSK.L,2011-02-01T08:01:52.513869000Z,Quote,,,1133,305,1136.5,2208,0
GSK.L,2011-02-01T08:01:52.534941000Z,Quote,,,1133,305,1136,3261,0
GSK.L,2011-02-01T08:01:52.534941000Z,Quote,,,1133,305,1136.5,2208,0
GSK.L,2011-02-01T08:01:52.536039000Z,Quote,,,1133,305,1137,410,0
GSK.L,2011-02-01T08:01:52.536039000Z,Quote,,,1133,305,1137,3519,0
GSK.L,2011-02-01T08:01:52.571771000Z,Quote,,,1133,305,1137,5727,0
GSK.L,2011-02-01T08:01:54.059444000Z,Quote,,,1133,305,1137,7657,0
GSK.L,2011-02-01T08:01:57.853291000Z,Quote,,,1133,305,1137,5727,0
GSK.L,2011-02-01T08:02:00.615896000Z,Quote,,,1133,305,1137,5842,0
GSK.L,2011-02-01T08:02:00.615896000Z,Quote,,,1133,305,1137,7025,0
GSK.L,2011-02-01T08:02:02.162469000Z,Quote,,,1131.5,4275,1137,7025,0
GSK.L,2011-02-01T08:02:02.168743000Z,Quote,,,1131.5,4700,1137,7025,0
GSK.L,2011-02-01T08:02:02.168743000Z,Quote,,,1131.5,5186,1137,7025,0
GSK.L,2011-02-01T08:02:02.168743000Z,Quote,,,1131.5,6856,1137,7025,0
GSK.L,2011-02-01T08:02:02.168743000Z,Quote,,,1131.5,7316,1137,7025,0
GSK.L,2011-02-01T08:02:02.168743000Z,Quote,,,1131.5,7316,1137,8775,0
GSK.L,2011-02-01T08:02:02.168743000Z,Quote,,,1131.5,6830,1137,8775,0
GSK.L,2011-02-01T08:02:02.168743000Z,Quote,,,1131.5,6405,1137,8775,0
GSK.L,2011-02-01T08:02:02.168743000Z,Quote,,,1131.5,5945,1137,8775,0
GSK.L,2011-02-01T08:02:02.168743000Z,Quote,,,1131.5,1670,1137,8775,0
GSK.L,2011-02-01T08:02:02.168743000Z,Quote,,,1131,467,1137,8775,0
GSK.L,2011-02-01T08:02:02.193429000Z,Quote,,,1131,1797,1137,8775,0
GSK.L,2011-02-01T08:02:02.221464000Z,Quote,,,1132,305,1137,8775,0
GSK.L,2011-02-01T08:02:02.221464000Z,Quote,,,1132,1895,1137,8775,0
GSK.L,2011-02-01T08:02:02.235024000Z,Quote,,,1132,305,1137,8775,0
GSK.L,2011-02-01T08:02:05.576094000Z,Quote,,,1132,305,1136.5,430,0
GSK.L,2011-02-01T08:02:05.576094000Z,Quote,,,1132,305,1136.5,2910,0
GSK.L,2011-02-01T08:02:05.576094000Z,Quote,,,1132,305,1136,3999,0
GSK.L,2011-02-01T08:02:05.591527000Z,Quote,,,1132,305,1136,5829,0
GSK.L,2011-02-01T08:02:05.656996000Z,Quote,,,1132,305,1136,8037,0
GSK.L,2011-02-01T08:02:07.858307000Z,Quote,,,1132,305,1136,6207,0
GSK.L,2011-02-01T08:02:09.790606000Z,Quote,,,1132,932,1136,6207,0
GSK.L,2011-02-01T08:02:09.790606000Z,Quote,,,1132,14568,1136,6207,0
GSK.L,2011-02-01T08:02:11.361044000Z,Quote,,,1132,14568,1136,3999,0
GSK.L,2011-02-01T08:02:11.361044000Z,Quote,,,1132.5,313,1136,3999,0
GSK.L,2011-02-01T08:02:11.361044000Z,Quote,,,1132.5,313,1136.5,3804,0
GSK.L,2011-02-01T08:02:11.362151000Z,Quote,,,1132.5,313,1136,2290,0
GSK.L,2011-02-01T08:02:11.362151000Z,Quote,,,1132.5,313,1136,5790,0
GSK.L,2011-02-01T08:02:11.362151000Z,Quote,,,1132.5,313,1136,2290,0
GSK.L,2011-02-01T08:02:11.362151000Z,Quote,,,1132,14568,1136,2290,0
GSK.L,2011-02-01T08:02:11.362151000Z,Quote,,,1132,14568,1135.5,2270,0
GSK.L,2011-02-01T08:02:11.369030000Z,Quote,,,1132,15093,1135.5,2270,0
GSK.L,2011-02-01T08:02:11.369030000Z,Quote,,,1132,15093,1135.5,4880,0
GSK.L,2011-02-01T08:02:11.369030000Z,Quote,,,1132,14568,1135.5,4880,0
GSK.L,2011-02-01T08:02:11.369030000Z,Quote,,,1132,14568,1135.5,2610,0
GSK.L,2011-02-01T08:02:11.379064000Z,Quote,,,1132.5,305,1135.5,2610,0
GSK.L,2011-02-01T08:02:11.379064000Z,Quote,,,1132.5,305,1136.5,6185,0
GSK.L,2011-02-01T08:02:11.379064000Z,Quote,,,1132.5,305,1135.5,3500,0
GSK.L,2011-02-01T08:02:11.379064000Z,Quote,,,1132.5,305,1136,3152,0
GSK.L,2011-02-01T08:02:11.399408000Z,Quote,,,1132.5,305,1136.5,2867,0
GSK.L,2011-02-01T08:02:11.399408000Z,Quote,,,1132.5,555,1136.5,2867,0
GSK.L,2011-02-01T08:02:11.399408000Z,Quote,,,1132.5,305,1136.5,2867,0
GSK.L,2011-02-01T08:02:11.399408000Z,Quote,,,1132.5,305,1136.5,930,0
GSK.L,2011-02-01T08:02:11.399408000Z,Quote,,,1132.5,305,1136.5,430,0
GSK.L,2011-02-01T08:02:11.408345000Z,Quote,,,1132.5,305,1136.5,2430,0
GSK.L,2011-02-01T08:02:11.408345000Z,Quote,,,1132.5,305,1136.5,430,0
GSK.L,2011-02-01T08:02:11.492569000Z,Trade,1132.5,305,1132.5,,1136.5,,-1
GSK.L,2011-02-01T08:02:11.492569000Z,Quote,,,1132,14263,1136.5,430,0
GSK.L,2011-02-01T08:02:11.629377000Z,Quote,,,1132,14263,1136.5,556,0
GSK.L,2011-02-01T08:02:13.359045000Z,Quote,,,1132,14263,1136.5,1606,0
GSK.L,2011-02-01T08:02:15.185032000Z,Quote,,,1132,14263,1136.5,3814,0
GSK.L,2011-02-01T08:02:15.206724000Z,Quote,,,1132.5,291,1136.5,3814,0
GSK.L,2011-02-01T08:02:15.206724000Z,Quote,,,1132.5,291,1136,2382,0
GSK.L,2011-02-01T08:02:15.206724000Z,Quote,,,1132.5,291,1136,4002,0
GSK.L,2011-02-01T08:02:15.212218000Z,Quote,,,1132,14263,1136,4002,0
GSK.L,2011-02-01T08:02:15.246696000Z,Quote,,,1132,14263,1136,1620,0
GSK.L,2011-02-01T08:02:15.246696000Z,Quote,,,1132,14263,1136.5,556,0
GSK.L,2011-02-01T08:02:15.246696000Z,Quote,,,1132,14263,1136.5,3066,0
GSK.L,2011-02-01T08:02:15.246696000Z,Quote,,,1132,14263,1136.5,5166,0
GSK.L,2011-02-01T08:02:15.246696000Z,Quote,,,1132,14263,1136.5,7050,0
GSK.L,2011-02-01T08:02:15.269859000Z,Quote,,,1132,14263,1136.5,9443,0
GSK.L,2011-02-01T08:02:15.269859000Z,Quote,,,1132,14263,1136.5,12276,0
GSK.L,2011-02-01T08:02:15.269859000Z,Quote,,,1132,14263,1136.5,10176,0
GSK.L,2011-02-01T08:02:15.269859000Z,Quote,,,1132,14263,1136,2208,0
GSK.L,2011-02-01T08:02:15.269859000Z,Quote,,,1132.5,483,1136,2208,0
GSK.L,2011-02-01T08:02:15.269859000Z,Quote,,,1132,14263,1136,2208,0
GSK.L,2011-02-01T08:02:15.269859000Z,Quote,,,1132,14263,1135.5,3492,0
GSK.L,2011-02-01T08:02:15.307417000Z,Quote,,,1132,14263,1135.5,6012,0
GSK.L,2011-02-01T08:02:15.323655000Z,Quote,,,1132,14263,1135.5,8220,0
GSK.L,2011-02-01T08:02:21.627187000Z,Quote,,,1132,14263,1135.5,8478,0
GSK.L,2011-02-01T08:02:23.460893000Z,Quote,,,1133,6448,1135.5,8478,0
GSK.L,2011-02-01T08:02:23.460893000Z,Quote,,,1133,6448,1135.5,5958,0
GSK.L,2011-02-01T08:02:23.486779000Z,Quote,,,1133,6448,1135.5,2466,0
GSK.L,2011-02-01T08:02:25.418790000Z,Quote,,,1133,6448,1135.5,3856,0
GSK.L,2011-02-01T08:02:25.437649000Z,Quote,,,1133,6448,1135.5,3962,0
GSK.L,2011-02-01T08:02:35.542986000Z,Quote,,,1134,500,1135.5,3962,0
GSK.L,2011-02-01T08:02:35.542986000Z,Trade,1135.5,2208,1134,,1135.5,,1
GSK.L,2011-02-01T08:02:35.542986000Z,Trade,1135.5,258,1134,,1135.5,,1
GSK.L,2011-02-01T08:02:35.547001000Z,Trade,1135.5,1390,1134,,1135.5,,1
GSK.L,2011-02-01T08:02:35.547001000Z,Trade,1135.5,106,1134,,1135.5,,1
GSK.L,2011-02-01T08:02:35.547001000Z,Quote,,,1135.5,396,1136.5,5377,0
GSK.L,2011-02-01T08:02:35.547001000Z,Quote,,,1135.5,396,1136.5,3377,0
GSK.L,2011-02-01T08:02:35.547001000Z,Trade,1135.5,396,1135.5,,1136.5,,-1
GSK.L,2011-02-01T08:02:35.547001000Z,Trade,1134.5,104,1135.5,,1136.5,,-1
GSK.L,2011-02-01T08:02:35.547001000Z,Quote,,,1134.5,396,1136.5,3377,0
GSK.L,2011-02-01T08:02:35.547001000Z,Quote,,,1133,7399,1136.5,3377,0
GSK.L,2011-02-01T08:02:35.547001000Z,Quote,,,1133,6995,1136.5,3377,0
GSK.L,2011-02-01T08:02:35.547001000Z,Quote,,,1134,445,1136.5,3377,0
GSK.L,2011-02-01T08:02:35.547001000Z,Quote,,,1134,445,1136.5,430,0
GSK.L,2011-02-01T08:02:35.547001000Z,Trade,1134,445,1134,,1136.5,,-1
GSK.L,2011-02-01T08:02:35.547001000Z,Trade,1133,55,1134,,1136.5,,-1
GSK.L,2011-02-01T08:02:35.547001000Z,Quote,,,1133,6940,1136.5,430,0
GSK.L,2011-02-01T08:02:35.560408000Z,Trade,1133,50,1133,,1136.5,,-1
GSK.L,2011-02-01T08:02:35.560408000Z,Quote,,,1133,6890,1136.5,430,0
GSK.L,2011-02-01T08:02:35.560408000Z,Quote,,,1135.5,3962,1136.5,430,0
GSK.L,2011-02-01T08:02:35.560408000Z,Trade,1135.5,396,1135.5,,1136.5,,-1
GSK.L,2011-02-01T08:02:35.560408000Z,Quote,,,1135.5,3566,1136.5,430,0
GSK.L,2011-02-01T08:02:35.560833000Z,Trade,1135.5,1654,1135.5,,1136.5,,-1
GSK.L,2011-02-01T08:02:35.560833000Z,Quote,,,1135.5,1912,1136.5,430,0
GSK.L,2011-02-01T08:02:35.560833000Z,Trade,1135.5,158,1135.5,,1136.5,,-1
GSK.L,2011-02-01T08:02:35.566039000Z,Quote,,,1135.5,1754,1136.5,430,0
GSK.L,2011-02-01T08:02:35.568467000Z,Trade,1135.5,1450,1135.5,,1136.5,,-1
GSK.L,2011-02-01T08:02:35.568467000Z,Quote,,,1135.5,304,1136.5,430,0
GSK.L,2011-02-01T08:02:35.568467000Z,Quote,,,1135.5,304,1136.5,1430,0
GSK.L,2011-02-01T08:02:35.568467000Z,Trade,1135.5,304,1135.5,,1136.5,,-1
GSK.L,2011-02-01T08:02:35.568467000Z,Trade,1133,696,1135.5,,1136.5,,-1
GSK.L,2011-02-01T08:02:35.577757000Z,Quote,,,1133,6194,1136.5,1430,0
GSK.L,2011-02-01T08:02:35.577757000Z,Quote,,,1133,6194,1136.5,3074,0
GSK.L,2011-02-01T08:02:35.577757000Z,Quote,,,1133,6194,1136.5,2074,0
GSK.L,2011-02-01T08:02:35.582343000Z,Quote,,,1133,6194,1136.5,430,0
GSK.L,2011-02-01T08:02:35.582343000Z,Quote,,,1134.5,1000,1136.5,430,0
GSK.L,2011-02-01T08:02:35.625832000Z,Quote,,,1134.5,500,1136.5,430,0
GSK.L,2011-02-01T08:02:35.625832000Z,Quote,,,1133,6194,1136.5,430,0
GSK.L,2011-02-01T08:02:35.625832000Z,Quote,,,1133,6194,1135.5,120,0
GSK.L,2011-02-01T08:02:35.774510000Z,Quote,,,1133,6194,1135.5,1759,0
GSK.L,2011-02-01T08:02:35.774510000Z,Quote,,,1133,6194,1135.5,120,0
GSK.L,2011-02-01T08:02:42.183565000Z,Quote,,,1133,6194,1135.5,2328,0
GSK.L,2011-02-01T08:02:58.579950000Z,Quote,,,1133,6194,1135.5,4019,0
GSK.L,2011-02-01T08:02:58.579950000Z,Quote,,,1133,6194,1135.5,6198,0
GSK.L,2011-02-01T08:02:59.628774000Z,Quote,,,1133,6194,1135.5,6628,0
GSK.L,2011-02-01T08:03:01.992428000Z,Quote,,,1133,6194,1135.5,7021,0
GSK.L,2011-02-01T08:03:05.180101000Z,Quote,,,1133,6194,1135.5,4813,0
GSK.L,2011-02-01T08:03:09.284465000Z,Quote,,,1133,6194,1135.5,7021,0
GSK.L,2011-02-01T08:03:16.655479000Z,Quote,,,1133,6194,1135.5,8061,0
GSK.L,2011-02-01T08:03:21.540329000Z,Quote,,,1133,6584,1135.5,8061,0
GSK.L,2011-02-01T08:03:23.393218000Z,Trade,1135.5,120,1133,,1135.5,,1
GSK.L,2011-02-01T08:03:23.393218000Z,Trade,1135.5,1691,1133,,1135.5,,1
GSK.L,2011-02-01T08:03:23.393218000Z,Trade,1135.5,2179,1133,,1135.5,,1
GSK.L,2011-02-01T08:03:23.401761000Z,Trade,1135.5,430,1133,,1135.5,,1
GSK.L,2011-02-01T08:03:23.401761000Z,Trade,1135.5,393,1133,,1135.5,,1
GSK.L,2011-02-01T08:03:23.401761000Z,Trade,1135.5,2208,1133,,1135.5,,1
GSK.L,2011-02-01T08:03:23.401761000Z,Trade,1135.5,1040,1133,,1135.5,,1
GSK.L,2011-02-01T08:03:23.401761000Z,Quote,,,1133,6584,1136.5,5775,0
GSK.L,2011-02-01T08:03:23.401761000Z,Quote,,,1133,6584,1136.5,5275,0
GSK.L,2011-02-01T08:03:23.401761000Z,Quote,,,1133,6584,1136.5,4275,0
GSK.L,2011-02-01T08:03:23.401850000Z,Quote,,,1133,6584,1139.5,1387,0
GSK.L,2011-02-01T08:03:23.401850000Z,Quote,,,1133,6584,1137.5,4275,0
GSK.L,2011-02-01T08:03:23.401850000Z,Quote,,,1133,9164,1137.5,4275,0
GSK.L,2011-02-01T08:03:23.409668000Z,Quote,,,1133,9164,1136.5,2120,0
GSK.L,2011-02-01T08:03:23.409668000Z,Quote,,,1133,8774,1136.5,2120,0
GSK.L,2011-02-01T08:03:23.409668000Z,Quote,,,1133.5,727,1136.5,2120,0
GSK.L,2011-02-01T08:03:23.409668000Z,Quote,,,1133.5,727,1135.5,3500,0
GSK.L,2011-02-01T08:03:23.409668000Z,Quote,,,1133.5,727,1136.5,2120,0
GSK.L,2011-02-01T08:03:23.409668000Z,Quote,,,1133.5,727,1137.5,6275,0
GSK.L,2011-02-01T08:03:23.409668000Z,Quote,,,1133.5,727,1136.5,500,0
GSK.L,2011-02-01T08:03:23.409668000Z,Quote,,,1133,8774,1136.5,500,0
GSK.L,2011-02-01T08:03:23.409668000Z,Quote,,,1133,6194,1136.5,500,0
GSK.L,2011-02-01T08:03:23.433400000Z,Quote,,,1133.5,1450,1136.5,500,0
GSK.L,2011-02-01T08:03:23.433400000Z,Quote,,,1133.5,2185,1136.5,500,0
GSK.L,2011-02-01T08:03:23.433400000Z,Quote,,,1133.5,735,1136.5,500,0
GSK.L,2011-02-01T08:03:23.433400000Z,Quote,,,1133.5,735,1137.5,8565,0
GSK.L,2011-02-01T08:03:23.433400000Z,Quote,,,1133,6194,1137.5,8565,0
GSK.L,2011-02-01T08:03:23.433400000Z,Quote,,,1133.5,220,1137.5,8565,0
GSK.L,2011-02-01T08:03:23.433400000Z,Quote,,,1133.5,220,1137.5,7565,0
GSK.L,2011-02-01T08:03:23.442775000Z,Quote,,,1133.5,220,1137.5,6565,0
GSK.L,2011-02-01T08:03:23.442775000Z,Quote,,,1133.5,220,1137.5,2290,0
GSK.L,2011-02-01T08:03:23.444203000Z,Quote,,,1133.5,608,1137.5,2290,0
GSK.L,2011-02-01T08:03:23.444203000Z,Quote,,,1133.5,608,1137,3261,0
GSK.L,2011-02-01T08:03:23.444203000Z,Quote,,,1133.5,608,1138.5,2000,0
GSK.L,2011-02-01T08:03:23.444203000Z,Quote,,,1133.5,608,1137,1300,0
GSK.L,2011-02-01T08:03:23.444203000Z,Quote,,,1133.5,608,1137.5,3500,0
GSK.L,2011-02-01T08:03:23.444203000Z,Quote,,,1133.5,302,1137.5,3500,0
GSK.L,2011-02-01T08:03:23.444203000Z,Quote,,,1133.5,302,1138,4073,0
GSK.L,2011-02-01T08:03:23.444203000Z,Quote,,,1133.5,302,1138,5573,0
GSK.L,2011-02-01T08:03:23.444203000Z,Quote,,,1133.5,302,1138,2000,0
GSK.L,2011-02-01T08:03:23.444203000Z,Quote,,,1133,6194,1138,2000,0
GSK.L,2011-02-01T08:03:23.444203000Z,Quote,,,1133,6194,1138,3150,0
GSK.L,2011-02-01T08:03:23.444203000Z,Quote,,,1133,6194,1138,2150,0
GSK.L,2011-02-01T08:03:23.444203000Z,Quote,,,1133,6194,1138,1650,0
GSK.L,2011-02-01T08:03:23.444203000Z,Quote,,,1133.5,733,1138,1650,0
GSK.L,2011-02-01T08:03:23.444203000Z,Quote,,,1133.5,733,1137.5,3261,0
GSK.L,2011-02-01T08:03:23.444203000Z,Quote,,,1133.5,733,1138,1650,0
GSK.L,2011-02-01T08:03:23.472618000Z,Quote,,,1133.5,1178,1138,1650,0
GSK.L,2011-02-01T08:03:23.472618000Z,Quote,,,1133.5,1178,1138,1150,0
GSK.L,2011-02-01T08:03:23.472618000Z,Quote,,,1133.5,1178,1139,500,0
GSK.L,2011-02-01T08:03:23.472618000Z,Quote,,,1133.5,1178,1139,2690,0
GSK.L,2011-02-01T08:03:23.472618000Z,Quote,,,1133.5,1174,1139,2690,0
GSK.L,2011-02-01T08:03:23.472618000Z,Quote,,,1133.5,1174,1139,2190,0
GSK.L,2011-02-01T08:03:23.472618000Z,Quote,,,1133.5,1174,1139,6180,0
GSK.L,2011-02-01T08:03:23.472618000Z,Quote,,,1133.5,1174,1138,1000,0
GSK.L,2011-02-01T08:03:23.483772000Z,Quote,,,1133.5,1174,1137.5,3261,0
GSK.L,2011-02-01T08:03:23.483772000Z,Quote,,,1133.5,1174,1138,1000,0
GSK.L,2011-02-01T08:03:23.486171000Z,Quote,,,1133.5,1174,1138,1500,0
GSK.L,2011-02-01T08:03:23.486171000Z,Quote,,,1133.5,1174,1138,2000,0
GSK.L,2011-02-01T08:03:23.486171000Z,Quote,,,1133.5,1174,1138,1500,0
GSK.L,2011-02-01T08:03:23.486171000Z,Quote,,,1133.5,1174,1138,1000,0
GSK.L,2011-02-01T08:03:23.486171000Z,Quote,,,1133.5,1174,1137.5,3261,0
GSK.L,2011-02-01T08:03:23.486171000Z,Quote,,,1133.5,1174,1138,1000,0
GSK.L,2011-02-01T08:03:23.486171000Z,Quote,,,1133.5,1174,1138,1500,0
GSK.L,2011-02-01T08:03:23.486171000Z,Quote,,,1133.5,1174,1138,2000,0
GSK.L,2011-02-01T08:03:23.486171000Z,Quote,,,1133.5,1174,1138,1500,0
GSK.L,2011-02-01T08:03:23.486171000Z,Quote,,,1133.5,1174,1138,1000,0
GSK.L,2011-02-01T08:03:23.486171000Z,Quote,,,1133.5,1174,1138,500,0
GSK.L,2011-02-01T08:03:23.486171000Z,Quote,,,1133.5,1174,1139.5,3129,0
GSK.L,2011-02-01T08:03:23.486171000Z,Quote,,,1133.5,1174,1139,500,0
GSK.L,2011-02-01T08:03:23.486171000Z,Quote,,,1133.5,1174,1139,1000,0
GSK.L,2011-02-01T08:03:23.486171000Z,Quote,,,1133.5,1174,1139,1500,0
GSK.L,2011-02-01T08:03:23.486171000Z,Quote,,,1133.5,1174,1139,2000,0
GSK.L,2011-02-01T08:03:23.513121000Z,Quote,,,1133.5,1174,1137.5,3261,0
GSK.L,2011-02-01T08:03:23.513121000Z,Quote,,,1133.5,1172,1137.5,3261,0
GSK.L,2011-02-01T08:03:23.513121000Z,Quote,,,1133.5,1172,1139,2000,0
GSK.L,2011-02-01T08:03:23.513121000Z,Quote,,,1133.5,1172,1139,1500,0
GSK.L,2011-02-01T08:03:23.513121000Z,Quote,,,1133.5,1172,1138.5,3996,0
GSK.L,2011-02-01T08:03:23.513121000Z,Quote,,,1133.5,1172,1138.5,3990,0
GSK.L,2011-02-01T08:03:23.513121000Z,Quote,,,1133.5,1172,1135.5,267,0
GSK.L,2011-02-01T08:03:23.513121000Z,Trade,1135.5,267,1133.5,,1135.5,,1
GSK.L,2011-02-01T08:03:23.519300000Z,Quote,,,1133.5,1172,1138.5,3990,0
GSK.L,2011-02-01T08:03:23.566620000Z,Quote,,,1133.5,1172,1138,500,0
GSK.L,2011-02-01T08:03:23.566620000Z,Quote,,,1133.5,1172,1138.5,3990,0
GSK.L,2011-02-01T08:03:23.583825000Z,Quote,,,1133.5,1172,1138,1650,0
GSK.L,2011-02-01T08:03:23.583825000Z,Quote,,,1133.5,1172,1138,2150,0
GSK.L,2011-02-01T08:03:23.583825000Z,Quote,,,1133.5,1172,1138,1650,0
GSK.L,2011-02-01T08:03:24.099480000Z,Quote,,,1133.5,1172,1138,1944,0
GSK.L,2011-02-01T08:03:24.099480000Z,Quote,,,1133.5,1172,1138,2444,0
GSK.L,2011-02-01T08:03:24.099480000Z,Quote,,,1133.5,1172,1137.5,3261,0
GSK.L,2011-02-01T08:03:24.129309000Z,Quote,,,1133.5,1172,1137,1650,0
GSK.L,2011-02-01T08:03:24.435290000Z,Quote,,,1133.5,1172,1137,1946,0
GSK.L,2011-02-01T08:03:24.435290000Z,Quote,,,1133.5,2832,1137,1946,0
GSK.L,2011-02-01T08:03:24.435290000Z,Quote,,,1133.5,2832,1137,2332,0
GSK.L,2011-02-01T08:03:24.455492000Z,Quote,,,1133.5,2832,1137,1946,0
GSK.L,2011-02-01T08:03:24.455492000Z,Quote,,,1133.5,2832,1137,296,0
GSK.L,2011-02-01T08:03:24.455492000Z,Quote,,,1133.5,2832,1137,1996,0
GSK.L,2011-02-01T08:03:25.010691000Z,Quote,,,1133.5,8821,1137,1996,0
GSK.L,2011-02-01T08:03:26.647848000Z,Quote,,,1133.5,8821,1137,2140,0
GSK.L,2011-02-01T08:03:31.769412000Z,Quote,,,1133.5,8821,1137,3899,0
GSK.L,2011-02-01T08:03:31.800983000Z,Quote,,,1133.5,8821,1136.5,500,0
GSK.L,2011-02-01T08:03:31.844919000Z,Quote,,,1133.5,2832,1136.5,500,0
GSK.L,2011-02-01T08:03:31.844919000Z,Quote,,,1133.5,2382,1136.5,500,0
GSK.L,2011-02-01T08:03:32.510451000Z,Quote,,,1133.5,2382,1136.5,639,0
GSK.L,2011-02-01T08:03:33.351886000Z,Quote,,,1133.5,2382,1136.5,3049,0
GSK.L,2011-02-01T08:03:34.366908000Z,Quote,,,1133.5,2382,1136.5,639,0
GSK.L,2011-02-01T08:03:36.125085000Z,Quote,,,1133.5,722,1136.5,639,0
GSK.L,2011-02-01T08:03:36.129153000Z,Quote,,,1133.5,445,1136.5,639,0
GSK.L,2011-02-01T08:03:36.175176000Z,Quote,,,1133.5,2315,1136.5,639,0
GSK.L,2011-02-01T08:03:36.175176000Z,Quote,,,1133.5,2315,1136.5,3189,0
GSK.L,2011-02-01T08:03:36.175176000Z,Quote,,,1133.5,2631,1136.5,3189,0
GSK.L,2011-02-01T08:03:36.178956000Z,Quote,,,1133.5,2315,1136.5,3189,0
GSK.L,2011-02-01T08:03:36.193245000Z,Quote,,,1133.5,2315,1136.5,5396,0
GSK.L,2011-02-01T08:03:36.201157000Z,Quote,,,1133.5,2315,1135.5,969,0
GSK.L,2011-02-01T08:03:36.231380000Z,Trade,1135.5,969,1133.5,,1135.5,,1
GSK.L,2011-02-01T08:03:36.231380000Z,Quote,,,1133.5,2315,1136.5,639,0
GSK.L,2011-02-01T08:03:36.263473000Z,Quote,,,1133.5,2315,1135.5,2207,0
GSK.L,2011-02-01T08:03:36.281257000Z,Quote,,,1133.5,2315,1136.5,639,0
GSK.L,2011-02-01T08:03:36.281257000Z,Quote,,,1133.5,445,1136.5,639,0
GSK.L,2011-02-01T08:03:36.306286000Z,Quote,,,1133.5,445,1136.5,2846,0
GSK.L,2011-02-01T08:03:37.881010000Z,Quote,,,1133.5,845,1136.5,2846,0
GSK.L,2011-02-01T08:03:39.985954000Z,Quote,,,1133.5,1118,1136.5,2846,0
GSK.L,2011-02-01T08:03:43.358101000Z,Quote,,,1133.5,1118,1136.5,4516,0
GSK.L,2011-02-01T08:03:43.503336000Z,Quote,,,1133.5,1118,1136.5,4552,0
GSK.L,2011-02-01T08:03:57.445742000Z,Trade,1133.5,445,1133.5,,1136.5,,-1
GSK.L,2011-02-01T08:03:57.445742000Z,Trade,1133.5,400,1133.5,,1136.5,,-1
GSK.L,2011-02-01T08:03:57.445742000Z,Trade,1133.5,273,1133.5,,1136.5,,-1
GSK.L,2011-02-01T08:03:57.445742000Z,Quote,,,1133,5647,1136.5,4552,0
GSK.L,2011-02-01T08:03:57.452298000Z,Quote,,,1133,5647,1136.5,6189,0
GSK.L,2011-02-01T08:03:57.988129000Z,Quote,,,1133,5647,1133.5,1658,0
GSK.L,2011-02-01T08:03:57.988129000Z,Trade,1133.5,1658,1133,,1133.5,,1
GSK.L,2011-02-01T08:03:57.988129000Z,Quote,,,1133,5647,1136.5,4519,0
GSK.L,2011-02-01T08:03:57.988129000Z,Quote,,,1133,5647,1136,1500,0
GSK.L,2011-02-01T08:03:57.988129000Z,Quote,,,1133,5647,1134.5,1500,0
GSK.L,2011-02-01T08:03:58.019763000Z,Quote,,,1133.5,1658,1134.5,1500,0
GSK.L,2011-02-01T08:03:58.019763000Z,Quote,,,1133.5,1658,1136,8175,0
GSK.L,2011-02-01T08:03:58.019763000Z,Quote,,,1133.5,1658,1135,3500,0
GSK.L,2011-02-01T08:03:58.019763000Z,Quote,,,1133.5,1658,1136.5,6655,0
GSK.L,2011-02-01T08:03:58.019763000Z,Quote,,,1133.5,1658,1136.5,4519,0
GSK.L,2011-02-01T08:03:58.019763000Z,Trade,1133.5,1658,1133.5,,1136.5,,-1
GSK.L,2011-02-01T08:03:58.019763000Z,Trade,1133,62,1133.5,,1136.5,,-1
GSK.L,2011-02-01T08:03:58.019763000Z,Quote,,,1133,5585,1136.5,4519,0
GSK.L,2011-02-01T08:03:58.019763000Z,Quote,,,1133,5585,1136,1000,0
GSK.L,2011-02-01T08:03:58.019763000Z,Quote,,,1133,5585,1136,2650,0
GSK.L,2011-02-01T08:03:58.030747000Z,Quote,,,1133,5585,1133.5,2207,0
GSK.L,2011-02-01T08:03:58.063017000Z,Quote,,,1133,5585,1136.5,2312,0
GSK.L,2011-02-01T08:03:58.063017000Z,Trade,1133.5,2207,1133,,1136.5,,-1
GSK.L,2011-02-01T08:03:58.063017000Z,Quote,,,1133,5585,1133.5,197,0
GSK.L,2011-02-01T08:03:58.063017000Z,Trade,1133.5,197,1133,,1133.5,,1
GSK.L,2011-02-01T08:03:58.063017000Z,Quote,,,1133,5585,1136.5,2312,0
GSK.L,2011-02-01T08:03:58.101524000Z,Quote,,,1133,5585,1136.5,3312,0
GSK.L,2011-02-01T08:03:58.101524000Z,Quote,,,1133,5585,1136.5,2312,0
GSK.L,2011-02-01T08:03:58.194800000Z,Quote,,,1132.5,4775,1136.5,2312,0
GSK.L,2011-02-01T08:03:58.241429000Z,Quote,,,1132.5,6925,1136.5,2312,0
GSK.L,2011-02-01T08:03:58.241429000Z,Quote,,,1132.5,7827,1136.5,2312,0
GSK.L,2011-02-01T08:03:58.241429000Z,Quote,,,1132.5,7327,1136.5,2312,0
GSK.L,2011-02-01T08:03:58.241429000Z,Quote,,,1132.5,6425,1136.5,2312,0
GSK.L,2011-02-01T08:03:58.241429000Z,Quote,,,1132.5,2150,1136.5,2312,0
GSK.L,2011-02-01T08:03:58.245783000Z,Quote,,,1132,13648,1136.5,2312,0
GSK.L,2011-02-01T08:03:58.245783000Z,Quote,,,1132,15988,1136.5,2312,0
GSK.L,2011-02-01T08:03:58.245783000Z,Quote,,,1132.5,435,1136.5,2312,0
GSK.L,2011-02-01T08:03:58.307244000Z,Quote,,,1133,3568,1136.5,2312,0
GSK.L,2011-02-01T08:03:59.010708000Z,Quote,,,1133,5768,1136.5,2312,0
GSK.L,2011-02-01T08:04:01.639995000Z,Quote,,,1133,5768,1136.5,2601,0
GSK.L,2011-02-01T08:04:03.173298000Z,Quote,,,1133,5768,1136.5,4809,0
GSK.L,2011-02-01T08:04:03.357931000Z,Quote,,,1133,7658,1136.5,4809,0
GSK.L,2011-02-01T08:04:06.248376000Z,Quote,,,1133.5,1534,1136.5,4809,0
GSK.L,2011-02-01T08:04:06.248376000Z,Quote,,,1133.5,3164,1136.5,4809,0
GSK.L,2011-02-01T08:04:06.318368000Z,Quote,,,1133.5,3564,1136.5,4809,0
GSK.L,2011-02-01T08:04:06.354229000Z,Quote,,,1133.5,5364,1136.5,4809,0
GSK.L,2011-02-01T08:04:06.494514000Z,Quote,,,1133.5,5364,1136.5,4670,0
GSK.L,2011-02-01T08:04:09.205302000Z,Quote,,,1133.5,5827,1136.5,4670,0
GSK.L,2011-02-01T08:04:09.239488000Z,Quote,,,1133.5,6364,1136.5,4670,0
GSK.L,2011-02-01T08:04:12.626993000Z,Quote,,,1133.5,6364,1136,3087,0
GSK.L,2011-02-01T08:04:12.626993000Z,Quote,,,1133.5,4734,1136,3087,0
GSK.L,2011-02-01T08:04:12.649701000Z,Quote,,,1133.5,4734,1136,5295,0
GSK.L,2011-02-01T08:04:13.636762000Z,Quote,,,1133.5,4734,1136,5584,0
GSK.L,2011-02-01T08:04:13.697948000Z,Quote,,,1133.5,4734,1135.5,36,0
GSK.L,2011-02-01T08:04:13.719337000Z,Quote,,,1133.5,4734,1135.5,2244,0
GSK.L,2011-02-01T08:04:14.805092000Z,Quote,,,1133.5,4734,1135.5,2533,0
GSK.L,2011-02-01T08:04:24.096205000Z,Quote,,,1133.5,4734,1135.5,6609,0
GSK.L,2011-02-01T08:04:25.174189000Z,Quote,,,1133.5,4734,1135.5,2533,0
GSK.L,2011-02-01T08:04:26.162264000Z,Quote,,,1133.5,4734,1135.5,325,0
GSK.L,2011-02-01T08:04:26.189339000Z,Trade,1133.5,1534,1133.5,,1135.5,,-1
GSK.L,2011-02-01T08:04:26.189339000Z,Trade,1133.5,174,1133.5,,1135.5,,-1
GSK.L,2011-02-01T08:04:26.189339000Z,Quote,,,1133.5,3026,1135.5,325,0
GSK.L,2011-02-01T08:04:26.226785000Z,Quote,,,1133.5,1226,1135.5,325,0
GSK.L,2011-02-01T08:04:26.268931000Z,Quote,,,1133.5,1000,1135.5,325,0
GSK.L,2011-02-01T08:04:27.391727000Z,Quote,,,1133.5,1000,1135.5,3437,0
GSK.L,2011-02-01T08:04:27.393497000Z,Quote,,,1133.5,1000,1135.5,325,0
GSK.L,2011-02-01T08:04:28.674960000Z,Quote,,,1133.5,1000,1135.5,775,0
GSK.L,2011-02-01T08:04:28.692148000Z,Quote,,,1133.5,1000,1135.5,3558,0
GSK.L,2011-02-01T08:04:28.704417000Z,Trade,1133.5,463,1133.5,,1135.5,,-1
GSK.L,2011-02-01T08:04:28.704417000Z,Trade,1133.5,277,1133.5,,1135.5,,-1
GSK.L,2011-02-01T08:04:28.704417000Z,Quote,,,1133.5,260,1135.5,3558,0
GSK.L,2011-02-01T08:04:30.186977000Z,Quote,,,1133.5,260,1135.5,5766,0
GSK.L,2011-02-01T08:04:34.836177000Z,Quote,,,1133.5,260,1135.5,9155,0
GSK.L,2011-02-01T08:04:37.978973000Z,Trade,1135.5,2000,1133.5,,1135.5,,1
GSK.L,2011-02-01T08:04:42.792743000Z,Quote,,,1133.5,1097,1135.5,9155,0
GSK.L,2011-02-01T08:04:45.361849000Z,Quote,,,1133.5,1097,1135.5,5766,0
GSK.L,2011-02-01T08:04:45.374071000Z,Quote,,,1133.5,3357,1135.5,5766,0
GSK.L,2011-02-01T08:04:46.587857000Z,Quote,,,1133.5,1097,1135.5,5766,0
GSK.L,2011-02-01T08:04:53.217151000Z,Quote,,,1133.5,1097,1135.5,3558,0
GSK.L,2011-02-01T08:04:53.266762000Z,Trade,1133.5,209,1133.5,,1135.5,,-1
GSK.L,2011-02-01T08:04:53.266762000Z,Quote,,,1133.5,888,1135.5,3558,0
GSK.L,2011-02-01T08:04:53.331108000Z,Quote,,,1133.5,2916,1135.5,3558,0
GSK.L,2011-02-01T08:04:53.336701000Z,Trade,1133.5,51,1133.5,,1135.5,,-1
GSK.L,2011-02-01T08:04:53.342501000Z,Trade,1133.5,449,1133.5,,1135.5,,-1
GSK.L,2011-02-01T08:04:53.342501000Z,Quote,,,1133.5,2416,1135.5,3558,0
GSK.L,2011-02-01T08:04:53.357593000Z,Quote,,,1133.5,2416,1135.5,5228,0
GSK.L,2011-02-01T08:04:54.357508000Z,Quote,,,1133.5,2416,1135.5,3558,0
GSK.L,2011-02-01T08:04:57.503349000Z,Quote,,,1133.5,2416,1135.5,5766,0
GSK.L,2011-02-01T08:04:58.009852000Z,Quote,,,1133.5,3916,1135.5,5766,0
GSK.L,2011-02-01T08:04:59.679863000Z,Quote,,,1133.5,3916,1135.5,5730,0
GSK.L,2011-02-01T08:05:01.357828000Z,Quote,,,1134.5,1303,1135.5,5730,0
GSK.L,2011-02-01T08:05:02.112204000Z,Quote,,,1134.5,1303,1135.5,5441,0
GSK.L,2011-02-01T08:05:02.118047000Z,Trade,1134.5,759,1134.5,,1135.5,,-1
GSK.L,2011-02-01T08:05:02.118047000Z,Quote,,,1134.5,544,1135.5,5441,0
GSK.L,2011-02-01T08:05:02.131652000Z,Trade,1134.5,220,1134.5,,1135.5,,-1
GSK.L,2011-02-01T08:05:02.131652000Z,Quote,,,1134.5,324,1135.5,5441,0
GSK.L,2011-02-01T08:05:07.205391000Z,Trade,1134.5,324,1134.5,,1135.5,,-1
GSK.L,2011-02-01T08:05:07.205391000Z,Quote,,,1133.5,3916,1135.5,5441,0
GSK.L,2011-02-01T08:05:09.273392000Z,Quote,,,1133.5,3916,1135.5,8757,0
GSK.L,2011-02-01T08:05:09.293940000Z,Quote,,,1133.5,3916,1135.5,10786,0
GSK.L,2011-02-01T08:05:09.293940000Z,Quote,,,1133.5,3916,1135.5,11146,0
GSK.L,2011-02-01T08:05:10.002213000Z,Quote,,,1133.5,3916,1135.5,11646,0
GSK.L,2011-02-01T08:05:10.002213000Z,Quote,,,1133.5,3916,1134.5,469,0
GSK.L,2011-02-01T08:05:10.045450000Z,Quote,,,1133.5,3916,1134.5,2677,0
GSK.L,2011-02-01T08:05:12.037069000Z,Quote,,,1134,1341,1134.5,2677,0
GSK.L,2011-02-01T08:05:12.044843000Z,Trade,1134,1000,1134,,1134.5,,-1
GSK.L,2011-02-01T08:05:12.044843000Z,Quote,,,1134,341,1134.5,2677,0
GSK.L,2011-02-01T08:05:12.122760000Z,Trade,1134,341,1134,,1134.5,,-1
GSK.L,2011-02-01T08:05:12.122760000Z,Quote,,,1133.5,3916,1134.5,2677,0
GSK.L,2011-02-01T08:05:12.158516000Z,Quote,,,1133.5,3916,1134.5,2910,0
GSK.L,2011-02-01T08:05:13.136912000Z,Quote,,,1133.5,4616,1134.5,2910,0
GSK.L,2011-02-01T08:05:14.727716000Z,Quote,,,1133.5,4616,1134.5,3496,0
GSK.L,2011-02-01T08:05:15.319240000Z,Quote,,,1133.5,5963,1134.5,3496,0
GSK.L,2011-02-01T08:05:17.352152000Z,Trade,1133.5,388,1133.5,,1134.5,,-1
GSK.L,2011-02-01T08:05:17.360283000Z,Trade,1133.5,2028,1133.5,,1134.5,,-1
GSK.L,2011-02-01T08:05:17.360283000Z,Trade,1133.5,1500,1133.5,,1134.5,,-1
GSK.L,2011-02-01T08:05:17.360283000Z,Trade,1133.5,700,1133.5,,1134.5,,-1
GSK.L,2011-02-01T08:05:17.360283000Z,Trade,1133.5,1347,1133.5,,1134.5,,-1
GSK.L,2011-02-01T08:05:17.364829000Z,Quote,,,1133,5035,1134.5,3496,0
GSK.L,2011-02-01T08:05:17.415721000Z,Quote,,,1133,5035,1134.5,3263,0
GSK.L,2011-02-01T08:05:19.444744000Z,Quote,,,1133,5035,1133.5,5000,0
GSK.L,2011-02-01T08:05:19.444744000Z,Trade,1133.5,5000,1133,,1133.5,,1
GSK.L,2011-02-01T08:05:19.444744000Z,Quote,,,1133,5035,1133.5,3578,0
GSK.L,2011-02-01T08:05:19.444744000Z,Trade,1133.5,5000,1133,,1133.5,,1
GSK.L,2011-02-01T08:05:19.467945000Z,Trade,1133.5,3578,1133,,1133.5,,1
GSK.L,2011-02-01T08:05:19.467945000Z,Quote,,,1133.5,1422,1134.5,3263,0
GSK.L,2011-02-01T08:05:19.467945000Z,Quote,,,1133.5,2952,1134.5,3263,0
GSK.L,2011-02-01T08:05:19.485790000Z,Quote,,,1133.5,2952,1134.5,1055,0
GSK.L,2011-02-01T08:05:19.502668000Z,Trade,1133.5,1422,1133.5,,1134.5,,-1
GSK.L,2011-02-01T08:05:19.502668000Z,Trade,1133.5,286,1133.5,,1134.5,,-1
GSK.L,2011-02-01T08:05:19.502668000Z,Quote,,,1133.5,1244,1134.5,1055,0
GSK.L,2011-02-01T08:05:19.551103000Z,Quote,,,1133.5,1244,1134.5,1555,0
GSK.L,2011-02-01T08:05:19.752899000Z,Quote,,,1133.5,1982,1134.5,1555,0
GSK.L,2011-02-01T08:05:20.189253000Z,Quote,,,1133.5,1982,1134.5,1055,0
GSK.L,2011-02-01T08:05:21.006968000Z,Quote,,,1133.5,738,1134.5,1055,0
GSK.L,2011-02-01T08:05:23.064489000Z,Quote,,,1134,874,1134.5,1055,0
GSK.L,2011-02-01T08:05:23.136896000Z,Trade,1134,874,1134,,1134.5,,-1
GSK.L,2011-02-01T08:05:23.144243000Z,Quote,,,1133.5,738,1134.5,1055,0
GSK.L,2011-02-01T08:05:24.181320000Z,Quote,,,1133.5,738,1134.5,3262,0
GSK.L,2011-02-01T08:05:24.407106000Z,Quote,,,1133.5,738,1134.5,5929,0
GSK.L,2011-02-01T08:05:24.428934000Z,Quote,,,1133.5,738,1134.5,5626,0
GSK.L,2011-02-01T08:05:27.166955000Z,Quote,,,1133.5,2392,1134.5,5626,0
GSK.L,2011-02-01T08:05:33.862728000Z,Trade,1134.5,166,1133.5,,1134.5,,1
GSK.L,2011-02-01T08:05:33.862728000Z,Trade,1134.5,586,1133.5,,1134.5,,1
GSK.L,2011-02-01T08:05:33.862728000Z,Trade,1134.5,2207,1133.5,,1134.5,,1
GSK.L,2011-02-01T08:05:33.862728000Z,Trade,1134.5,2667,1133.5,,1134.5,,1
GSK.L,2011-02-01T08:05:33.862728000Z,Quote,,,1134.5,398,1135,4725,0
GSK.L,2011-02-01T08:05:33.862728000Z,Quote,,,1134.5,398,1135,450,0
GSK.L,2011-02-01T08:05:33.879531000Z,Quote,,,1134.5,398,1135,607,0
GSK.L,2011-02-01T08:05:33.879531000Z,Trade,1134.5,398,1134.5,,1135,,-1
GSK.L,2011-02-01T08:05:33.879531000Z,Quote,,,1133.5,2392,1135,607,0
GSK.L,2011-02-01T08:05:33.879531000Z,Quote,,,1133.5,2392,1135,450,0
GSK.L,2011-02-01T08:05:33.879531000Z,Trade,1133.5,398,1133.5,,1135,,-1
GSK.L,2011-02-01T08:05:33.879531000Z,Quote,,,1133.5,1994,1135,450,0
GSK.L,2011-02-01T08:05:34.142159000Z,Trade,1133.5,340,1133.5,,1135,,-1
GSK.L,2011-02-01T08:05:34.142159000Z,Trade,1133.5,58,1133.5,,1135,,-1
GSK.L,2011-02-01T08:05:34.142159000Z,Quote,,,1133.5,1596,1135,450,0
GSK.L,2011-02-01T08:05:34.151166000Z,Quote,,,1133.5,3456,1135,450,0
GSK.L,2011-02-01T08:05:34.166861000Z,Quote,,,1133.5,4070,1135,450,0
GSK.L,2011-02-01T08:05:39.562183000Z,Quote,,,1133.5,6471,1135,450,0
GSK.L,2011-02-01T08:05:39.778590000Z,Trade,1135,450,1133.5,,1135,,1
GSK.L,2011-02-01T08:05:39.778590000Z,Quote,,,1133.5,6471,1136,9538,0
GSK.L,2011-02-01T08:05:39.778590000Z,Quote,,,1133.5,6471,1136,5263,0
GSK.L,2011-02-01T08:05:39.779173000Z,Quote,,,1133.5,10746,1136,5263,0
GSK.L,2011-02-01T08:05:39.779173000Z,Quote,,,1133.5,12436,1136,5263,0
GSK.L,2011-02-01T08:05:39.779173000Z,Quote,,,1133.5,12436,1136,1916,0
GSK.L,2011-02-01T08:05:39.779173000Z,Quote,,,1133.5,8161,1136,1916,0
GSK.L,2011-02-01T08:05:39.779173000Z,Quote,,,1133.5,8161,1136,2416,0
GSK.L,2011-02-01T08:05:39.779173000Z,Quote,,,1133.5,8161,1136,3816,0
GSK.L,2011-02-01T08:05:39.779173000Z,Quote,,,1133.5,10352,1136,3816,0
GSK.L,2011-02-01T08:05:39.779173000Z,Quote,,,1133.5,10352,1136,4816,0
GSK.L,2011-02-01T08:05:39.779173000Z,Quote,,,1133.5,10352,1136,6468,0
GSK.L,2011-02-01T08:05:39.779173000Z,Quote,,,1133.5,10352,1136,6968,0
GSK.L,2011-02-01T08:05:39.779173000Z,Quote,,,1134,2974,1136,6968,0
GSK.L,2011-02-01T08:05:39.779173000Z,Quote,,,1134,2974,1136,5968,0
GSK.L,2011-02-01T08:05:39.779173000Z,Quote,,,1134,2974,1136,4568,0
GSK.L,2011-02-01T08:05:39.779173000Z,Quote,,,1134,2974,1136,4068,0
GSK.L,2011-02-01T08:05:39.781814000Z,Quote,,,1134,2974,1136,3568,0
GSK.L,2011-02-01T08:05:39.781814000Z,Quote,,,1134,2974,1136,1916,0
GSK.L,2011-02-01T08:05:39.781814000Z,Quote,,,1134,2974,1136.5,3265,0
GSK.L,2011-02-01T08:05:39.781814000Z,Quote,,,1134,3474,1136.5,3265,0
GSK.L,2011-02-01T08:05:39.784137000Z,Quote,,,1134,2974,1136.5,3265,0
GSK.L,2011-02-01T08:05:39.787995000Z,Quote,,,1134,4184,1136.5,3265,0
GSK.L,2011-02-01T08:05:39.787995000Z,Quote,,,1134,4184,1137,2000,0
GSK.L,2011-02-01T08:05:39.795812000Z,Quote,,,1134,4184,1137,3870,0
GSK.L,2011-02-01T08:05:39.795812000Z,Quote,,,1134,4184,1137,5912,0
GSK.L,2011-02-01T08:05:39.795812000Z,Quote,,,1134,1210,1137,5912,0
GSK.L,2011-02-01T08:05:39.799426000Z,Quote,,,1134,1210,1136.5,1956,0
GSK.L,2011-02-01T08:05:39.802571000Z,Quote,,,1134,1210,1136.5,5217,0
GSK.L,2011-02-01T08:05:39.802571000Z,Quote,,,1134.5,1666,1136.5,5217,0
GSK.L,2011-02-01T08:05:39.802571000Z,Quote,,,1135,2982,1136.5,5217,0
GSK.L,2011-02-01T08:05:39.802571000Z,Quote,,,1135,2982,1136.5,1956,0
GSK.L,2011-02-01T08:05:39.808296000Z,Quote,,,1135,2982,1136.5,2956,0
GSK.L,2011-02-01T08:05:39.808296000Z,Trade,1135,1163,1135,,1136.5,,-1
GSK.L,2011-02-01T08:05:39.808296000Z,Quote,,,1135,1819,1136.5,2956,0
GSK.L,2011-02-01T08:05:39.808296000Z,Quote,,,1135,1819,1136.5,3456,0
GSK.L,2011-02-01T08:05:39.808296000Z,Trade,1135,550,1135,,1136.5,,-1
GSK.L,2011-02-01T08:05:39.808296000Z,Quote,,,1135,1269,1136.5,3456,0
GSK.L,2011-02-01T08:05:39.808296000Z,Trade,1135,500,1135,,1136.5,,-1
GSK.L,2011-02-01T08:05:39.821559000Z,Quote,,,1135,769,1136.5,3456,0
GSK.L,2011-02-01T08:05:39.821559000Z,Trade,1135,500,1135,,1136.5,,-1
GSK.L,2011-02-01T08:05:39.821559000Z,Quote,,,1135,269,1136.5,3456,0
GSK.L,2011-02-01T08:05:39.961028000Z,Trade,1135,269,1135,,1136.5,,-1
GSK.L,2011-02-01T08:05:39.971847000Z,Quote,,,1134.5,1863,1136.5,3456,0
GSK.L,2011-02-01T08:05:40.024522000Z,Quote,,,1134.5,1863,1135,8000,0
GSK.L,2011-02-01T08:05:40.024522000Z,Quote,,,1134,3170,1135,8000,0
GSK.L,2011-02-01T08:05:40.034355000Z,Quote,,,1133.5,3015,1135,8000,0
GSK.L,2011-02-01T08:05:40.034355000Z,Quote,,,1133.5,5778,1135,8000,0
GSK.L,2011-02-01T08:05:40.034355000Z,Trade,1135,7539,1133.5,,1135,,1
GSK.L,2011-02-01T08:05:40.054060000Z,Quote,,,1133.5,5778,1135,461,0
GSK.L,2011-02-01T08:05:40.065625000Z,Quote,,,1133.5,3015,1135,461,0
GSK.L,2011-02-01T08:05:40.065625000Z,Quote,,,1134,3218,1135,461,0
GSK.L,2011-02-01T08:05:40.136106000Z,Quote,,,1134,3777,1135,461,0
GSK.L,2011-02-01T08:05:40.281738000Z,Trade,1135,461,1134,,1135,,1
GSK.L,2011-02-01T08:05:40.300174000Z,Quote,,,1134,3777,1136.5,1500,0
GSK.L,2011-02-01T08:05:40.300174000Z,Quote,,,1134,3777,1136.5,1000,0
GSK.L,2011-02-01T08:05:40.300174000Z,Quote,,,1134,3777,1137,1956,0
GSK.L,2011-02-01T08:05:40.300174000Z,Quote,,,1134,3777,1136.5,2007,0
GSK.L,2011-02-01T08:05:40.303386000Z,Quote,,,1135,461,1136.5,2007,0
GSK.L,2011-02-01T08:05:40.523764000Z,Trade,1135,461,1135,,1136.5,,-1
GSK.L,2011-02-01T08:05:40.523764000Z,Quote,,,1134,3777,1136.5,2007,0
GSK.L,2011-02-01T08:05:41.223493000Z,Quote,,,1134,3777,1137.5,13820,0
GSK.L,2011-02-01T08:05:41.223493000Z,Quote,,,1134,5357,1137.5,13820,0
GSK.L,2011-02-01T08:05:41.223493000Z,Quote,,,1134,5357,1137.5,9835,0
GSK.L,2011-02-01T08:05:41.223493000Z,Quote,,,1134,5357,1137.5,10496,0
GSK.L,2011-02-01T08:05:41.223493000Z,Quote,,,1134,5357,1137,3261,0
GSK.L,2011-02-01T08:05:41.223493000Z,Quote,,,1134,5357,1137.5,10496,0
GSK.L,2011-02-01T08:05:41.223493000Z,Quote,,,1134,5357,1137,3145,0
GSK.L,2011-02-01T08:05:42.327369000Z,Quote,,,1134,5357,1137,3752,0
GSK.L,2011-02-01T08:05:42.327369000Z,Quote,,,1134,5357,1137,4804,0
GSK.L,2011-02-01T08:05:43.357771000Z,Quote,,,1134,5357,1137,7024,0
GSK.L,2011-02-01T08:05:44.231349000Z,Quote,,,1134,5357,1135.5,187,0
GSK.L,2011-02-01T08:05:44.231349000Z,Quote,,,1134,3777,1135.5,187,0
GSK.L,2011-02-01T08:05:44.261306000Z,Quote,,,1134,3777,1135.5,43,0
GSK.L,2011-02-01T08:05:45.021473000Z,Quote,,,1134,3777,1135,6301,0
GSK.L,2011-02-01T08:05:45.038658000Z,Trade,1135,6284,1134,,1135,,1
GSK.L,2011-02-01T08:05:45.038658000Z,Quote,,,1134,3777,1135,17,0
GSK.L,2011-02-01T08:05:47.051324000Z,Quote,,,1134,7003,1135,17,0
GSK.L,2011-02-01T08:05:47.082981000Z,Quote,,,1134,7503,1135,17,0
GSK.L,2011-02-01T08:05:47.082981000Z,Quote,,,1134,7003,1135,17,0
GSK.L,2011-02-01T08:05:47.082981000Z,Quote,,,1134,3777,1135,17,0
GSK.L,2011-02-01T08:05:47.945638000Z,Quote,,,1134,4439,1135,17,0
GSK.L,2011-02-01T08:05:49.428201000Z,Trade,1135,17,1134,,1135,,1
GSK.L,2011-02-01T08:05:49.428201000Z,Quote,,,1134,4439,1135.5,43,0
GSK.L,2011-02-01T08:05:49.471300000Z,Quote,,,1134,3777,1135.5,43,0
GSK.L,2011-02-01T08:05:51.177994000Z,Quote,,,1134,3777,1135.5,2251,0
GSK.L,2011-02-01T08:05:51.186419000Z,Quote,,,1134,4525,1135.5,2251,0
GSK.L,2011-02-01T08:05:51.186419000Z,Quote,,,1134,1307,1135.5,2251,0
GSK.L,2011-02-01T08:05:51.240636000Z,Quote,,,1134.5,3046,1135.5,2251,0
GSK.L,2011-02-01T08:05:51.312661000Z,Trade,1135.5,43,1134.5,,1135.5,,1
GSK.L,2011-02-01T08:05:51.312661000Z,Trade,1135.5,2208,1134.5,,1135.5,,1
GSK.L,2011-02-01T08:05:51.312661000Z,Quote,,,1134.5,3046,1136.5,5867,0
GSK.L,2011-02-01T08:05:51.327170000Z,Quote,,,1134.5,3046,1136.5,1956,0
GSK.L,2011-02-01T08:05:51.327170000Z,Quote,,,1134.5,3046,1137,3831,0
GSK.L,2011-02-01T08:05:51.327170000Z,Quote,,,1134.5,3046,1137,4498,0
GSK.L,2011-02-01T08:05:51.327170000Z,Quote,,,1134.5,3046,1137,6858,0
GSK.L,2011-02-01T08:05:51.327170000Z,Quote,,,1134.5,5266,1137,6858,0
GSK.L,2011-02-01T08:05:51.327170000Z,Quote,,,1134.5,5266,1137,3027,0
GSK.L,2011-02-01T08:05:51.329200000Z,Quote,,,1135.5,169,1137,3027,0
GSK.L,2011-02-01T08:05:51.329200000Z,Quote,,,1135.5,169,1137,667,0
GSK.L,2011-02-01T08:05:51.431694000Z,Quote,,,1134.5,3046,1137,667,0
GSK.L,2011-02-01T08:05:53.208266000Z,Trade,1134.5,431,1134.5,,1137,,-1
GSK.L,2011-02-01T08:05:53.208266000Z,Quote,,,1134.5,2615,1137,667,0
GSK.L,2011-02-01T08:05:53.208266000Z,Quote,,,1134,559,1137,667,0
GSK.L,2011-02-01T08:05:53.208266000Z,Quote,,,1134,2975,1137,667,0
GSK.L,2011-02-01T08:05:53.208266000Z,Quote,,,1134,2975,1137,3237,0
GSK.L,2011-02-01T08:05:53.208266000Z,Quote,,,1134,2975,1136.5,1000,0
GSK.L,2011-02-01T08:05:53.208266000Z,Quote,,,1134,2975,1136.5,4261,0
GSK.L,2011-02-01T08:05:53.208266000Z,Quote,,,1134,2975,1136.5,6941,0
GSK.L,2011-02-01T08:05:53.257630000Z,Quote,,,1134,2975,1136.5,3680,0
GSK.L,2011-02-01T08:05:53.305321000Z,Quote,,,1134,2975,1136.5,6941,0
GSK.L,2011-02-01T08:05:53.305321000Z,Quote,,,1134,2975,1136.5,3680,0
GSK.L,2011-02-01T08:05:54.299552000Z,Quote,,,1134,2975,1136.5,2680,0
GSK.L,2011-02-01T08:05:54.299552000Z,Quote,,,1134,2975,1137,2669,0
GSK.L,2011-02-01T08:05:54.299552000Z,Quote,,,1134,2975,1137,4939,0
GSK.L,2011-02-01T08:05:54.327881000Z,Quote,,,1134,2975,1136.5,3261,0
GSK.L,2011-02-01T08:05:54.331114000Z,Quote,,,1134,2975,1136.5,5451,0
GSK.L,2011-02-01T08:05:54.636946000Z,Quote,,,1134,2975,1136.5,9370,0
GSK.L,2011-02-01T08:05:54.971483000Z,Quote,,,1134,5229,1136.5,9370,0
GSK.L,2011-02-01T08:05:57.257982000Z,Quote,,,1134.5,323,1136.5,9370,0
GSK.L,2011-02-01T08:05:59.495288000Z,Quote,,,1134.5,323,1136,500,0
GSK.L,2011-02-01T08:06:00.702370000Z,Quote,,,1134.5,323,1136.5,7180,0
GSK.L,2011-02-01T08:06:00.721700000Z,Quote,,,1134.5,323,1136.5,3261,0
GSK.L,2011-02-01T08:06:00.721700000Z,Quote,,,1134.5,1953,1136.5,3261,0
GSK.L,2011-02-01T08:06:00.721700000Z,Quote,,,1134.5,1953,1137,6722,0
GSK.L,2011-02-01T08:06:00.721700000Z,Quote,,,1134.5,1953,1137,8662,0
GSK.L,2011-02-01T08:06:00.721700000Z,Quote,,,1134.5,1953,1137,4609,0
GSK.L,2011-02-01T08:06:00.726393000Z,Quote,,,1134.5,1953,1137,5687,0
GSK.L,2011-02-01T08:06:00.726393000Z,Quote,,,1134.5,1953,1137,4609,0
GSK.L,2011-02-01T08:06:01.363409000Z,Quote,,,1134.5,1953,1137,2669,0
GSK.L,2011-02-01T08:06:03.080751000Z,Quote,,,1134.5,1953,1137,7486,0
GSK.L,2011-02-01T08:06:03.080751000Z,Quote,,,1134.5,1953,1137,2669,0
GSK.L,2011-02-01T08:06:03.778614000Z,Quote,,,1134.5,2512,1137,2669,0
GSK.L,2011-02-01T08:06:05.228877000Z,Quote,,,1134.5,2512,1137,6675,0
GSK.L,2011-02-01T08:06:05.228877000Z,Quote,,,1134.5,2512,1137,2669,0
GSK.L,2011-02-01T08:06:05.323065000Z,Quote,,,1134.5,882,1137,2669,0
GSK.L,2011-02-01T08:06:08.074686000Z,Quote,,,1134.5,882,1137,7449,0
GSK.L,2011-02-01T08:06:08.079171000Z,Quote,,,1134.5,882,1136.5,3210,0
GSK.L,2011-02-01T08:06:08.079436000Z,Trade,1134.5,323,1134.5,,1136.5,,-1
GSK.L,2011-02-01T08:06:08.079986000Z,Trade,1134.5,559,1134.5,,1136.5,,-1
GSK.L,2011-02-01T08:06:08.079986000Z,Quote,,,1134,4670,1134.5,8,0
GSK.L,2011-02-01T08:06:08.079986000Z,Trade,1134.5,8,1134,,1134.5,,1
GSK.L,2011-02-01T08:06:08.079986000Z,Quote,,,1134,4670,1136.5,3210,0
GSK.L,2011-02-01T08:06:08.079986000Z,Quote,,,1134,4670,1136.5,4120,0
GSK.L,2011-02-01T08:06:08.079986000Z,Quote,,,1134,5828,1136.5,4120,0
GSK.L,2011-02-01T08:06:08.079986000Z,Quote,,,1134,6988,1136.5,4120,0
GSK.L,2011-02-01T08:06:08.081618000Z,Quote,,,1134,6988,1136.5,3210,0
GSK.L,2011-02-01T08:06:08.081618000Z,Quote,,,1134,5830,1136.5,3210,0
GSK.L,2011-02-01T08:06:08.081618000Z,Quote,,,1134,4670,1136.5,3210,0
GSK.L,2011-02-01T08:06:08.096815000Z,Quote,,,1134,6646,1136.5,3210,0
GSK.L,2011-02-01T08:06:08.096815000Z,Quote,,,1134.5,405,1136.5,3210,0
GSK.L,2011-02-01T08:06:08.109357000Z,Quote,,,1134.5,405,1137,7449,0
GSK.L,2011-02-01T08:06:08.109357000Z,Quote,,,1134.5,2685,1137,7449,0
GSK.L,2011-02-01T08:06:08.109357000Z,Quote,,,1134.5,2685,1137,7941,0
GSK.L,2011-02-01T08:06:08.109357000Z,Quote,,,1134.5,2685,1137,9741,0
GSK.L,2011-02-01T08:06:08.109357000Z,Quote,,,1134.5,2685,1136.5,3217,0
GSK.L,2011-02-01T08:06:08.110106000Z,Quote,,,1134.5,2685,1137,9741,0
GSK.L,2011-02-01T08:06:08.110106000Z,Quote,,,1134.5,405,1137,9741,0
GSK.L,2011-02-01T08:06:08.110106000Z,Quote,,,1134.5,405,1137,7941,0
GSK.L,2011-02-01T08:06:08.126096000Z,Quote,,,1134.5,405,1136.5,3261,0
GSK.L,2011-02-01T08:06:10.029967000Z,Quote,,,1134,4230,1136.5,3261,0
GSK.L,2011-02-01T08:06:10.029967000Z,Quote,,,1134,4230,1136.5,4631,0
GSK.L,2011-02-01T08:06:10.030593000Z,Quote,,,1134,5538,1136.5,4631,0
GSK.L,2011-02-01T08:06:10.137734000Z,Quote,,,1134,5538,1136.5,5078,0
GSK.L,2011-02-01T08:06:10.255976000Z,Quote,,,1134,5538,1136.5,9294,0
GSK.L,2011-02-01T08:06:10.259973000Z,Quote,,,1134,5538,1136,1000,0
GSK.L,2011-02-01T08:06:12.389921000Z,Quote,,,1134,5538,1136,4491,0
GSK.L,2011-02-01T08:06:12.389921000Z,Quote,,,1134,5538,1136,1000,0
GSK.L,2011-02-01T08:06:13.192650000Z,Quote,,,1134,5538,1136,1465,0
GSK.L,2011-02-01T08:06:13.192650000Z,Quote,,,1134,5744,1136,1465,0
GSK.L,2011-02-01T08:06:13.322837000Z,Quote,,,1134,5744,1136,465,0
GSK.L,2011-02-01T08:06:13.355858000Z,Quote,,,1134,5744,1136,1465,0
GSK.L,2011-02-01T08:06:14.536154000Z,Quote,,,1134,5744,1136,5554,0
GSK.L,2011-02-01T08:06:18.203233000Z,Quote,,,1134,5744,1136,7762,0
GSK.L,2011-02-01T08:06:23.378241000Z,Quote,,,1134,4436,1136,7762,0
GSK.L,2011-02-01T08:06:23.378241000Z,Quote,,,1134,4230,1136,7762,0
GSK.L,2011-02-01T08:06:23.410368000Z,Quote,,,1134,4230,1136,6762,0
GSK.L,2011-02-01T08:06:24.076783000Z,Quote,,,1134,2254,1136,6762,0
GSK.L,2011-02-01T08:06:33.597798000Z,Quote,,,1134,2254,1136,2673,0
GSK.L,2011-02-01T08:06:35.584422000Z,Quote,,,1134,2254,1136,6761,0
GSK.L,2011-02-01T08:06:35.750948000Z,Trade,1135.825,350,1134,,1136,,1
GSK.L,2011-02-01T08:06:35.750948000Z,Quote,,,1134,2254,1136,6296,0
GSK.L,2011-02-01T08:06:35.750948000Z,Quote,,,1134,2254,1136,6439,0
GSK.L,2011-02-01T08:06:41.156842000Z,Quote,,,1134,2254,1136,4231,0
GSK.L,2011-02-01T08:06:41.188384000Z,Quote,,,1134,2254,1136,4684,0
GSK.L,2011-02-01T08:06:41.231286000Z,Trade,1134,500,1134,,1136,,-1
GSK.L,2011-02-01T08:06:41.242989000Z,Quote,,,1134,1754,1136,4684,0
GSK.L,2011-02-01T08:06:41.242989000Z,Trade,1134,550,1134,,1136,,-1
GSK.L,2011-02-01T08:06:41.242989000Z,Quote,,,1134,1204,1136,4684,0
GSK.L,2011-02-01T08:06:41.596567000Z,Quote,,,1134,1204,1136,596,0
GSK.L,2011-02-01T08:06:43.352123000Z,Quote,,,1134,2614,1136,596,0
GSK.L,2011-02-01T08:06:44.067885000Z,Quote,,,1134,2633,1136,596,0
GSK.L,2011-02-01T08:06:44.953020000Z,Quote,,,1134,1223,1136,596,0
GSK.L,2011-02-01T08:06:45.174494000Z,Quote,,,1134,1223,1136,2804,0
GSK.L,2011-02-01T08:06:47.912885000Z,Quote,,,1134,1223,1136,7274,0
GSK.L,2011-02-01T08:06:47.912885000Z,Quote,,,1134,2813,1136,7274,0
GSK.L,2011-02-01T08:06:47.912885000Z,Quote,,,1134,2813,1136,2804,0
GSK.L,2011-02-01T08:06:47.912885000Z,Quote,,,1134,2813,1136,2351,0
GSK.L,2011-02-01T08:06:48.644324000Z,Quote,,,1134,1223,1136,2351,0
GSK.L,2011-02-01T08:06:48.912698000Z,Quote,,,1134,1223,1136,2764,0
GSK.L,2011-02-01T08:06:50.376536000Z,Quote,,,1134,1223,1136,7674,0
GSK.L,2011-02-01T08:06:50.393126000Z,Quote,,,1134,1223,1136,2764,0
GSK.L,2011-02-01T08:06:52.755380000Z,Quote,,,1134,1223,1136,7335,0
GSK.L,2011-02-01T08:06:52.778121000Z,Quote,,,1134,3083,1136,7335,0
GSK.L,2011-02-01T08:06:53.345640000Z,Quote,,,1134,1223,1136,7335,0
GSK.L,2011-02-01T08:06:59.586479000Z,Quote,,,1134,1223,1136,12480,0
GSK.L,2011-02-01T08:07:00.384018000Z,Quote,,,1134,1223,1136,12860,0
GSK.L,2011-02-01T08:07:06.103953000Z,Quote,,,1134,3797,1136,12860,0
GSK.L,2011-02-01T08:07:08.279784000Z,Quote,,,1134,3797,1136,10652,0
GSK.L,2011-02-01T08:07:08.354700000Z,Trade,1134,500,1134,,1136,,-1
GSK.L,2011-02-01T08:07:08.354700000Z,Quote,,,1134,3297,1136,10652,0
GSK.L,2011-02-01T08:07:12.227028000Z,Quote,,,1134,3297,1136,12860,0
GSK.L,2011-02-01T08:07:13.356537000Z,Quote,,,1134,5597,1136,12860,0
GSK.L,2011-02-01T08:07:19.331435000Z,Quote,,,1134,3297,1136,12860,0
GSK.L,2011-02-01T08:07:23.349415000Z,Quote,,,1134,5437,1136,12860,0
GSK.L,2011-02-01T08:07:25.873294000Z,Quote,,,1134,3297,1136,12860,0
GSK.L,2011-02-01T08:07:27.140749000Z,Quote,,,1134,3297,1136,11359,0
GSK.L,2011-02-01T08:07:27.140749000Z,Quote,,,1134,3297,1135.5,638,0
GSK.L,2011-02-01T08:07:27.205426000Z,Quote,,,1134,3297,1135.5,2846,0
GSK.L,2011-02-01T08:07:27.935929000Z,Quote,,,1134,3623,1135.5,2846,0
GSK.L,2011-02-01T08:07:27.946876000Z,Quote,,,1134,3623,1135.5,3137,0
GSK.L,2011-02-01T08:07:29.706243000Z,Quote,,,1134,3623,1135.5,4640,0
GSK.L,2011-02-01T08:07:29.723275000Z,Quote,,,1134,3623,1135.5,4002,0
GSK.L,2011-02-01T08:07:33.734558000Z,Quote,,,1134,3623,1135.5,4486,0
GSK.L,2011-02-01T08:07:33.745270000Z,Quote,,,1134,3623,1135.5,4002,0
GSK.L,2011-02-01T08:07:33.971076000Z,Quote,,,1134,3623,1135.5,3711,0
GSK.L,2011-02-01T08:07:35.185094000Z,Quote,,,1134,3623,1135.5,1503,0
GSK.L,2011-02-01T08:07:35.213304000Z,Quote,,,1134,3623,1135.5,1918,0
GSK.L,2011-02-01T08:07:37.469126000Z,Quote,,,1134,3623,1135.5,1503,0
GSK.L,2011-02-01T08:07:37.472768000Z,Quote,,,1134,5831,1135.5,1503,0
GSK.L,2011-02-01T08:07:37.522464000Z,Quote,,,1134,9098,1135.5,1503,0
GSK.L,2011-02-01T08:07:39.245297000Z,Quote,,,1134,9098,1135.5,3710,0
GSK.L,2011-02-01T08:07:40.367610000Z,Quote,,,1134,9098,1135.5,4165,0
GSK.L,2011-02-01T08:07:40.379468000Z,Quote,,,1134,8848,1135.5,4165,0
GSK.L,2011-02-01T08:07:40.379468000Z,Quote,,,1134,8848,1135.5,7404,0
GSK.L,2011-02-01T08:07:40.379468000Z,Quote,,,1134,6640,1135.5,7404,0
GSK.L,2011-02-01T08:07:40.882329000Z,Quote,,,1134,5096,1135.5,7404,0
GSK.L,2011-02-01T08:07:45.292903000Z,Quote,,,1134,5077,1135.5,7404,0
GSK.L,2011-02-01T08:07:45.335039000Z,Quote,,,1134,5077,1135.5,6949,0
GSK.L,2011-02-01T08:07:57.183510000Z,Quote,,,1134,5077,1135.5,6585,0
GSK.L,2011-02-01T08:07:57.183510000Z,Quote,,,1134,5077,1135.5,8963,0
GSK.L,2011-02-01T08:07:58.299846000Z,Quote,,,1134,5077,1135.5,9342,0
GSK.L,2011-02-01T08:07:58.847144000Z,Quote,,,1134,5077,1135.5,8963,0
GSK.L,2011-02-01T08:07:59.811784000Z,Quote,,,1134,5077,1135.5,8892,0
GSK.L,2011-02-01T08:07:59.811784000Z,Quote,,,1134,5077,1135.5,8334,0
GSK.L,2011-02-01T08:07:59.831803000Z,Quote,,,1134,5077,1135.5,8972,0
GSK.L,2011-02-01T08:08:02.328787000Z,Quote,,,1134,5077,1135.5,6765,0
GSK.L,2011-02-01T08:08:02.354278000Z,Quote,,,1134,5077,1135.5,7220,0
GSK.L,2011-02-01T08:08:02.457713000Z,Trade,1134,500,1134,,1135.5,,-1
GSK.L,2011-02-01T08:08:02.457713000Z,Quote,,,1134,4577,1135.5,7220,0
GSK.L,2011-02-01T08:08:04.302025000Z,Quote,,,1134,1310,1135.5,7220,0
GSK.L,2011-02-01T08:08:04.346459000Z,Quote,,,1134,2858,1135.5,7220,0
GSK.L,2011-02-01T08:08:06.206155000Z,Quote,,,1134,2858,1135.5,9428,0
GSK.L,2011-02-01T08:08:07.417978000Z,Quote,,,1134,2858,1135.5,8973,0
GSK.L,2011-02-01T08:08:10.143743000Z,Quote,,,1134,2858,1135.5,10139,0
GSK.L,2011-02-01T08:08:10.346616000Z,Quote,,,1134,2858,1135.5,10515,0
GSK.L,2011-02-01T08:08:19.902706000Z,Quote,,,1134,2858,1135.5,10865,0
GSK.L,2011-02-01T08:08:21.158206000Z,Quote,,,1134,2858,1135.5,13028,0
GSK.L,2011-02-01T08:08:27.269047000Z,Quote,,,1134,3142,1135.5,13028,0
GSK.L,2011-02-01T08:08:29.201257000Z,Quote,,,1134,3142,1135.5,10820,0
GSK.L,2011-02-01T08:08:29.898728000Z,Quote,,,1134,3142,1135.5,10390,0
GSK.L,2011-02-01T08:08:29.898950000Z,Quote,,,1134,3142,1135.5,9862,0
GSK.L,2011-02-01T08:08:29.898950000Z,Quote,,,1134,3142,1135.5,8819,0
GSK.L,2011-02-01T08:08:29.900429000Z,Quote,,,1134,3142,1135.5,7637,0
GSK.L,2011-02-01T08:08:29.910313000Z,Quote,,,1134,3142,1135,2408,0
GSK.L,2011-02-01T08:08:33.225821000Z,Quote,,,1134,3142,1135,4616,0
GSK.L,2011-02-01T08:08:36.365531000Z,Trade,1134.85,2000,1134,,1135,,1
GSK.L,2011-02-01T08:08:39.169725000Z,Quote,,,1134,3142,1135,5518,0
GSK.L,2011-02-01T08:08:42.144700000Z,Quote,,,1134,3142,1135,6111,0
GSK.L,2011-02-01T08:08:43.415973000Z,Quote,,,1134,3142,1135,6531,0
GSK.L,2011-02-01T08:08:43.485877000Z,Quote,,,1134,3142,1135,6111,0
GSK.L,2011-02-01T08:08:45.081977000Z,Quote,,,1134,3142,1135,7079,0
GSK.L,2011-02-01T08:08:45.081977000Z,Quote,,,1134,3142,1135,7424,0
GSK.L,2011-02-01T08:08:45.081977000Z,Quote,,,1134,3142,1135,7845,0
GSK.L,2011-02-01T08:08:45.404670000Z,Trade,1134,204,1134,,1135,,-1
GSK.L,2011-02-01T08:08:45.404670000Z,Trade,1134,1030,1134,,1135,,-1
GSK.L,2011-02-01T08:08:45.404670000Z,Trade,1134,76,1134,,1135,,-1
GSK.L,2011-02-01T08:08:45.404670000Z,Trade,1134,1548,1134,,1135,,-1
GSK.L,2011-02-01T08:08:45.404670000Z,Trade,1134,284,1134,,1135,,-1
GSK.L,2011-02-01T08:08:45.404670000Z,Quote,,,1133.5,4416,1135,7845,0
GSK.L,2011-02-01T08:08:45.404670000Z,Quote,,,1133.5,4416,1135,6877,0
GSK.L,2011-02-01T08:08:45.404670000Z,Quote,,,1133.5,4416,1135,6532,0
GSK.L,2011-02-01T08:08:45.406548000Z,Quote,,,1133.5,6408,1135,6532,0
GSK.L,2011-02-01T08:08:45.406548000Z,Quote,,,1133.5,8573,1135,6532,0
GSK.L,2011-02-01T08:08:45.406548000Z,Quote,,,1133.5,6408,1135,6532,0
GSK.L,2011-02-01T08:08:45.406548000Z,Quote,,,1133.5,6408,1134,280,0
GSK.L,2011-02-01T08:08:45.406548000Z,Quote,,,1133.5,4416,1134,280,0
GSK.L,2011-02-01T08:08:45.427170000Z,Quote,,,1133.5,3916,1134,280,0
GSK.L,2011-02-01T08:08:45.453478000Z,Quote,,,1133.5,3916,1134,2488,0
GSK.L,2011-02-01T08:08:45.453478000Z,Trade,1134,280,1133.5,,1134,,1
GSK.L,2011-02-01T08:08:45.453764000Z,Trade,1134,2208,1133.5,,1134,,1
GSK.L,2011-02-01T08:08:45.453764000Z,Quote,,,1133.5,3916,1135,4324,0
GSK.L,2011-02-01T08:08:45.470224000Z,Quote,,,1134,300,1135,4324,0
GSK.L,2011-02-01T08:08:45.470224000Z,Trade,1134,300,1134,,1135,,-1
GSK.L,2011-02-01T08:08:45.470224000Z,Quote,,,1133.5,3916,1135,4324,0
GSK.L,2011-02-01T08:08:45.475298000Z,Quote,,,1133.5,1544,1135,4324,0
GSK.L,2011-02-01T08:08:45.526857000Z,Quote,,,1133.5,1544,1135,4824,0
GSK.L,2011-02-01T08:08:45.538841000Z,Quote,,,1133.5,1544,1134,228,0
GSK.L,2011-02-01T08:08:45.538841000Z,Trade,1134,228,1133.5,,1134,,1
GSK.L,2011-02-01T08:08:45.538841000Z,Quote,,,1134,384,1135,4324,0
GSK.L,2011-02-01T08:08:45.538841000Z,Quote,,,1134,384,1135,3903,0
GSK.L,2011-02-01T08:08:45.572049000Z,Quote,,,1134,849,1135,3903,0
GSK.L,2011-02-01T08:08:45.614039000Z,Quote,,,1134,384,1135,3903,0
GSK.L,2011-02-01T08:08:45.629991000Z,Quote,,,1134,163,1135,3903,0
GSK.L,2011-02-01T08:08:45.690513000Z,Quote,,,1134,638,1135,3903,0
GSK.L,2011-02-01T08:08:45.712034000Z,Quote,,,1134,163,1135,3903,0
GSK.L,2011-02-01T08:08:45.712034000Z,Quote,,,1134,320,1135,3903,0
GSK.L,2011-02-01T08:08:45.800575000Z,Quote,,,1134,824,1135,3903,0
GSK.L,2011-02-01T08:08:45.827322000Z,Trade,1134,140,1134,,1135,,-1
GSK.L,2011-02-01T08:08:45.827322000Z,Quote,,,1134,684,1135,3903,0
GSK.L,2011-02-01T08:08:46.716704000Z,Quote,,,1134,684,1135,4343,0
GSK.L,2011-02-01T08:08:46.716704000Z,Quote,,,1134,684,1135,3903,0
GSK.L,2011-02-01T08:08:46.716704000Z,Quote,,,1134,684,1135,4329,0
GSK.L,2011-02-01T08:08:46.766908000Z,Quote,,,1134,640,1135,4329,0
GSK.L,2011-02-01T08:08:46.827552000Z,Quote,,,1134,753,1135,4329,0
GSK.L,2011-02-01T08:08:47.015042000Z,Quote,,,1134,504,1135,4329,0
GSK.L,2011-02-01T08:08:47.525994000Z,Quote,,,1133.5,3916,1135,4329,0
GSK.L,2011-02-01T08:08:47.600981000Z,Quote,,,1134,222,1135,4329,0
GSK.L,2011-02-01T08:08:48.074023000Z,Quote,,,1133.5,3916,1135,4329,0
GSK.L,2011-02-01T08:08:48.079390000Z,Quote,,,1133.5,4248,1135,4329,0
GSK.L,2011-02-01T08:08:48.079390000Z,Quote,,,1133.5,4248,1135,5263,0
GSK.L,2011-02-01T08:08:48.407449000Z,Quote,,,1133.5,3916,1135,5263,0
GSK.L,2011-02-01T08:08:48.480172000Z,Quote,,,1134,282,1135,5263,0
GSK.L,2011-02-01T08:08:48.577540000Z,Quote,,,1133.5,3916,1135,5263,0
GSK.L,2011-02-01T08:08:48.577540000Z,Quote,,,1134,415,1135,5263,0
GSK.L,2011-02-01T08:08:50.446533000Z,Quote,,,1134,415,1135,4329,0
GSK.L,2011-02-01T08:08:50.446533000Z,Quote,,,1134,415,1135,3903,0
GSK.L,2011-02-01T08:08:51.002888000Z,Trade,1134,415,1134,,1135,,-1
GSK.L,2011-02-01T08:08:51.002888000Z,Quote,,,1133.5,1544,1135,3903,0
GSK.L,2011-02-01T08:08:51.002888000Z,Quote,,,1133.5,2022,1135,3903,0
GSK.L,2011-02-01T08:08:51.013765000Z,Quote,,,1133.5,1544,1135,3903,0
GSK.L,2011-02-01T08:08:51.066663000Z,Quote,,,1134,246,1135,3903,0
GSK.L,2011-02-01T08:08:52.181378000Z,Quote,,,1134,246,1135,7680,0
GSK.L,2011-02-01T08:08:52.181378000Z,Trade,1134,225,1134,,1135,,-1
GSK.L,2011-02-01T08:08:52.181378000Z,Quote,,,1134,21,1135,7680,0
GSK.L,2011-02-01T08:08:52.241864000Z,Quote,,,1133.5,1544,1135,7680,0
GSK.L,2011-02-01T08:08:52.274542000Z,Quote,,,1134,21,1135,7680,0
GSK.L,2011-02-01T08:08:57.843688000Z,Quote,,,1134,21,1135,8113,0
GSK.L,2011-02-01T08:09:00.019555000Z,Quote,,,1134,21,1135,7211,0
GSK.L,2011-02-01T08:09:00.019555000Z,Quote,,,1134,21,1135,4072,0
GSK.L,2011-02-01T08:09:00.037147000Z,Quote,,,1134,21,1135,2302,0
GSK.L,2011-02-01T08:09:00.037147000Z,Quote,,,1134,21,1134.5,3623,0
GSK.L,2011-02-01T08:09:00.077697000Z,Quote,,,1134,1,1134.5,3623,0
GSK.L,2011-02-01T08:09:00.077697000Z,Trade,1134,20,1134,,1134.5,,-1
GSK.L,2011-02-01T08:09:00.077697000Z,Trade,1134,1,1134,,1134.5,,-1
GSK.L,2011-02-01T08:09:00.077697000Z,Quote,,,1133.5,1544,1134.5,3623,0
GSK.L,2011-02-01T08:09:00.077697000Z,Quote,,,1133.5,2697,1134.5,3623,0
GSK.L,2011-02-01T08:09:00.155726000Z,Trade,1134.5,1413,1133.5,,1134.5,,1
GSK.L,2011-02-01T08:09:00.155726000Z,Quote,,,1133.5,2697,1134.5,2210,0
GSK.L,2011-02-01T08:09:00.155726000Z,Trade,1134.5,2210,1133.5,,1134.5,,1
GSK.L,2011-02-01T08:09:00.155726000Z,Quote,,,1134.5,318,1135,5297,0
GSK.L,2011-02-01T08:09:00.155726000Z,Quote,,,1134.5,318,1135,4864,0
GSK.L,2011-02-01T08:09:00.155726000Z,Trade,1134.5,318,1134.5,,1135,,-1
GSK.L,2011-02-01T08:09:00.155726000Z,Quote,,,1133.5,2697,1135,4864,0
GSK.L,2011-02-01T08:09:00.208947000Z,Quote,,,1133.5,2697,1134.5,2208,0
GSK.L,2011-02-01T08:09:00.220671000Z,Quote,,,1133.5,2697,1135,4864,0
GSK.L,2011-02-01T08:09:00.220671000Z,Quote,,,1133.5,5069,1135,4864,0
GSK.L,2011-02-01T08:09:00.230727000Z,Quote,,,1133.5,2697,1135,4864,0
GSK.L,2011-02-01T08:09:00.264714000Z,Quote,,,1133.5,2697,1135,7072,0
GSK.L,2011-02-01T08:09:07.083499000Z,Quote,,,1133.5,1767,1135,7072,0
GSK.L,2011-02-01T08:09:07.966198000Z,Quote,,,1133.5,1767,1135,7422,0
GSK.L,2011-02-01T08:09:13.560872000Z,Quote,,,1133.5,2948,1135,7422,0
GSK.L,2011-02-01T08:09:15.367433000Z,Quote,,,1133.5,1767,1135,7422,0
GSK.L,2011-02-01T08:09:15.530242000Z,Quote,,,1133.5,614,1135,7422,0
GSK.L,2011-02-01T08:09:17.271504000Z,Quote,,,1133.5,614,1135,7862,0
